%YAML 1.1
%TAG !u! tag:unity3d.com,2011:
--- !u!244 &-8829696306654782801
AudioMixerEffectController:
  m_ObjectHideFlags: 3
  m_CorrespondingSourceObject: {fileID: 0}
  m_PrefabInstance: {fileID: 0}
  m_PrefabAsset: {fileID: 0}
  m_Name: 
  m_EffectID: 0f4e0a7b865e69b46a3e39d1f66b5906
  m_EffectName: Attenuation
  m_MixLevel: c00e38d0542cc5841be935342272dbc5
  m_Parameters: []
  m_SendTarget: {fileID: 0}
  m_EnableWetMix: 0
  m_Bypass: 0
--- !u!243 &-8695414689702080625
AudioMixerGroupController:
  m_ObjectHideFlags: 0
  m_CorrespondingSourceObject: {fileID: 0}
  m_PrefabInstance: {fileID: 0}
  m_PrefabAsset: {fileID: 0}
  m_Name: Lava
  m_AudioMixer: {fileID: 24100000}
  m_GroupID: d86aacedbf44ce0468384d91ccaa4d0b
  m_Children: []
  m_Volume: a92b7d1220903e14db14cf26e6a549ec
  m_Pitch: 2b57e8c4b473f3848bf5c87c4f8b6a4b
  m_Send: 00000000000000000000000000000000
  m_Effects:
  - {fileID: 6252300689858055794}
  m_UserColorIndex: 0
  m_Mute: 0
  m_Solo: 0
  m_BypassEffects: 0
--- !u!244 &-8501377290458685280
AudioMixerEffectController:
  m_ObjectHideFlags: 3
  m_CorrespondingSourceObject: {fileID: 0}
  m_PrefabInstance: {fileID: 0}
  m_PrefabAsset: {fileID: 0}
  m_Name: 
  m_EffectID: 23be8f4f4d8138d43bcaed158118eb5d
  m_EffectName: Attenuation
  m_MixLevel: c8434478d8f226b4ca9b251d28dd0a3c
  m_Parameters: []
  m_SendTarget: {fileID: 0}
  m_EnableWetMix: 0
  m_Bypass: 0
--- !u!243 &-8062491499114474652
AudioMixerGroupController:
  m_ObjectHideFlags: 0
  m_CorrespondingSourceObject: {fileID: 0}
  m_PrefabInstance: {fileID: 0}
  m_PrefabAsset: {fileID: 0}
  m_Name: Water
  m_AudioMixer: {fileID: 24100000}
  m_GroupID: 47c759fd0031ea648affc40ef800adf2
  m_Children: []
  m_Volume: 4a9ea053994c52e41a66c9da14b7522c
  m_Pitch: 8d205520a525495449609c3b98942bd5
  m_Send: 00000000000000000000000000000000
  m_Effects:
  - {fileID: 8439897769488964273}
  m_UserColorIndex: 0
  m_Mute: 0
  m_Solo: 0
  m_BypassEffects: 0
--- !u!244 &-5690664663581193093
AudioMixerEffectController:
  m_ObjectHideFlags: 3
  m_CorrespondingSourceObject: {fileID: 0}
  m_PrefabInstance: {fileID: 0}
  m_PrefabAsset: {fileID: 0}
  m_Name: 
  m_EffectID: 11c555da37e5068439cfeb1ca14f416e
  m_EffectName: Attenuation
  m_MixLevel: ecdc526a5eccaa241bc9d44c982c54c6
  m_Parameters: []
  m_SendTarget: {fileID: 0}
  m_EnableWetMix: 0
  m_Bypass: 0
--- !u!243 &-4698726383948373197
AudioMixerGroupController:
  m_ObjectHideFlags: 0
  m_CorrespondingSourceObject: {fileID: 0}
  m_PrefabInstance: {fileID: 0}
  m_PrefabAsset: {fileID: 0}
  m_Name: Ambiance
  m_AudioMixer: {fileID: 24100000}
  m_GroupID: 19862104680e624498691475504f765d
  m_Children:
  - {fileID: -776517865929558125}
  - {fileID: -4174262339376779591}
  - {fileID: -8695414689702080625}
  - {fileID: -3599344048734494509}
  - {fileID: -8062491499114474652}
  m_Volume: 39ed5f374fdc51147b435a3db2fd4ca5
  m_Pitch: 9ce66bcc881373942bbe0ded76ed55cd
  m_Send: 00000000000000000000000000000000
  m_Effects:
  - {fileID: 559321616142847417}
  m_UserColorIndex: 0
  m_Mute: 0
  m_Solo: 0
  m_BypassEffects: 0
--- !u!243 &-4174262339376779591
AudioMixerGroupController:
  m_ObjectHideFlags: 0
  m_CorrespondingSourceObject: {fileID: 0}
  m_PrefabInstance: {fileID: 0}
  m_PrefabAsset: {fileID: 0}
  m_Name: Caves
  m_AudioMixer: {fileID: 24100000}
  m_GroupID: 0ddb3998d64e63b40bd20f24254b5680
  m_Children: []
  m_Volume: 3663b64d8ad141a4192f5ac14c0a5733
  m_Pitch: 8fba84c13f7bca54e952ef218039716c
  m_Send: 00000000000000000000000000000000
  m_Effects:
  - {fileID: 4906827825653176350}
  m_UserColorIndex: 0
  m_Mute: 0
  m_Solo: 0
  m_BypassEffects: 0
--- !u!243 &-3599344048734494509
AudioMixerGroupController:
  m_ObjectHideFlags: 0
  m_CorrespondingSourceObject: {fileID: 0}
  m_PrefabInstance: {fileID: 0}
  m_PrefabAsset: {fileID: 0}
  m_Name: Mechanical
  m_AudioMixer: {fileID: 24100000}
  m_GroupID: 1cd5fa9193a7e874899c161f7fb5377a
  m_Children: []
  m_Volume: cddd48d4eab623045a90bc6336b0acc0
  m_Pitch: 772b9e8016d360041852f2b77b5e5b66
  m_Send: 00000000000000000000000000000000
  m_Effects:
  - {fileID: -8829696306654782801}
  m_UserColorIndex: 0
  m_Mute: 0
  m_Solo: 0
  m_BypassEffects: 0
--- !u!243 &-3458814825813928788
AudioMixerGroupController:
  m_ObjectHideFlags: 0
  m_CorrespondingSourceObject: {fileID: 0}
  m_PrefabInstance: {fileID: 0}
  m_PrefabAsset: {fileID: 0}
  m_Name: Music
  m_AudioMixer: {fileID: 24100000}
  m_GroupID: 2acd1e49126c3ae4b898bd19a08a974d
  m_Children: []
  m_Volume: 5aeb3848f4a6a364d96fc132e08d41a1
  m_Pitch: a1d8aa6d827fc164e91ba2e5c4df406c
  m_Send: 00000000000000000000000000000000
  m_Effects:
  - {fileID: -8501377290458685280}
  m_UserColorIndex: 0
  m_Mute: 0
  m_Solo: 0
  m_BypassEffects: 0
--- !u!244 &-3231624616681157769
AudioMixerEffectController:
  m_ObjectHideFlags: 3
  m_CorrespondingSourceObject: {fileID: 0}
  m_PrefabInstance: {fileID: 0}
  m_PrefabAsset: {fileID: 0}
  m_Name: 
  m_EffectID: 3432b86efd0afd540a6fc61528632cec
  m_EffectName: Attenuation
  m_MixLevel: 50093b6643f14bf4ab177a100be5a925
  m_Parameters: []
  m_SendTarget: {fileID: 0}
  m_EnableWetMix: 0
  m_Bypass: 0
--- !u!243 &-1169751089354040584
AudioMixerGroupController:
  m_ObjectHideFlags: 0
  m_CorrespondingSourceObject: {fileID: 0}
  m_PrefabInstance: {fileID: 0}
  m_PrefabAsset: {fileID: 0}
  m_Name: SFX
  m_AudioMixer: {fileID: 24100000}
  m_GroupID: 766cd446273f7654eb49450ab9313ddb
  m_Children:
  - {fileID: 6668389439245041347}
  m_Volume: fabd971d0b5af1540bab57f74cb82b55
  m_Pitch: 2a1076a18af8d064c875e64c401cb9c4
  m_Send: 00000000000000000000000000000000
  m_Effects:
  - {fileID: -5690664663581193093}
  m_UserColorIndex: 0
  m_Mute: 0
  m_Solo: 0
  m_BypassEffects: 0
--- !u!243 &-776517865929558125
AudioMixerGroupController:
  m_ObjectHideFlags: 0
  m_CorrespondingSourceObject: {fileID: 0}
  m_PrefabInstance: {fileID: 0}
  m_PrefabAsset: {fileID: 0}
  m_Name: Fire
  m_AudioMixer: {fileID: 24100000}
  m_GroupID: e95690e4cbff07144bd3f2bd433e6b9f
  m_Children: []
  m_Volume: b1467984a536c3649bc5658593123974
  m_Pitch: 530b864bda1f1704c983ebdba82a0202
  m_Send: 00000000000000000000000000000000
  m_Effects:
  - {fileID: -3231624616681157769}
  m_UserColorIndex: 0
  m_Mute: 0
  m_Solo: 0
  m_BypassEffects: 0
--- !u!241 &24100000
AudioMixerController:
  m_ObjectHideFlags: 0
  m_CorrespondingSourceObject: {fileID: 0}
  m_PrefabInstance: {fileID: 0}
  m_PrefabAsset: {fileID: 0}
  m_Name: GameAudioMixer
  m_OutputGroup: {fileID: 0}
  m_MasterGroup: {fileID: 24300002}
  m_Snapshots:
  - {fileID: 24500006}
  m_StartSnapshot: {fileID: 24500006}
  m_SuspendThreshold: -80
  m_EnableSuspend: 1
  m_UpdateMode: 0
  m_ExposedParameters:
  - guid: 799824d075c54ef4a8bf63b60e196fba
    name: MasterVolume
  m_AudioMixerGroupViews:
  - guids:
    - ebf965fae0745a644880cb564c3a1b32
    - 2acd1e49126c3ae4b898bd19a08a974d
    - 766cd446273f7654eb49450ab9313ddb
    - 19862104680e624498691475504f765d
    - e95690e4cbff07144bd3f2bd433e6b9f
    - aba1acfc1affc9245896911112ae7718
    - 0ddb3998d64e63b40bd20f24254b5680
    - d86aacedbf44ce0468384d91ccaa4d0b
    - 1cd5fa9193a7e874899c161f7fb5377a
    - 47c759fd0031ea648affc40ef800adf2
    name: View
  m_CurrentViewIndex: 0
  m_TargetSnapshot: {fileID: 24500006}
--- !u!243 &24300002
AudioMixerGroupController:
  m_ObjectHideFlags: 0
  m_CorrespondingSourceObject: {fileID: 0}
  m_PrefabInstance: {fileID: 0}
  m_PrefabAsset: {fileID: 0}
  m_Name: Master
  m_AudioMixer: {fileID: 24100000}
  m_GroupID: ebf965fae0745a644880cb564c3a1b32
  m_Children:
  - {fileID: -3458814825813928788}
  - {fileID: -1169751089354040584}
  - {fileID: -4698726383948373197}
  m_Volume: 799824d075c54ef4a8bf63b60e196fba
  m_Pitch: 3cb61661f1d0b3f4684f920086a73310
  m_Send: 00000000000000000000000000000000
  m_Effects:
  - {fileID: 24400004}
  m_UserColorIndex: 0
  m_Mute: 0
  m_Solo: 0
  m_BypassEffects: 0
--- !u!244 &24400004
AudioMixerEffectController:
  m_ObjectHideFlags: 3
  m_CorrespondingSourceObject: {fileID: 0}
  m_PrefabInstance: {fileID: 0}
  m_PrefabAsset: {fileID: 0}
  m_Name: 
  m_EffectID: a7f67cd34c8dd6147806c4bad957241e
  m_EffectName: Attenuation
  m_MixLevel: c1f1eaf306f946e4cbdb7db6d29051d9
  m_Parameters: []
  m_SendTarget: {fileID: 0}
  m_EnableWetMix: 0
  m_Bypass: 0
--- !u!245 &24500006
AudioMixerSnapshotController:
  m_ObjectHideFlags: 0
  m_CorrespondingSourceObject: {fileID: 0}
  m_PrefabInstance: {fileID: 0}
  m_PrefabAsset: {fileID: 0}
  m_Name: Snapshot
  m_AudioMixer: {fileID: 24100000}
  m_SnapshotID: 300aeef743383fb4fa1e872334740921
  m_FloatValues:
    a92b7d1220903e14db14cf26e6a549ec: 0
    1ac36fb298ac9de4f938cfae6a2ad808: -0.025777228
    b1467984a536c3649bc5658593123974: -19.928473
    cddd48d4eab623045a90bc6336b0acc0: -19.928478
    39ed5f374fdc51147b435a3db2fd4ca5: 0.04171297
    fabd971d0b5af1540bab57f74cb82b55: -19.928473
    3663b64d8ad141a4192f5ac14c0a5733: 0
  m_TransitionOverrides: {}
--- !u!244 &559321616142847417
AudioMixerEffectController:
  m_ObjectHideFlags: 3
  m_CorrespondingSourceObject: {fileID: 0}
  m_PrefabInstance: {fileID: 0}
  m_PrefabAsset: {fileID: 0}
  m_Name: 
  m_EffectID: b9ff28339fa0f02409bfc09078e23b4d
  m_EffectName: Attenuation
  m_MixLevel: 9fb07eceb211c3a40a1716ffbb07fc90
  m_Parameters: []
  m_SendTarget: {fileID: 0}
  m_EnableWetMix: 0
  m_Bypass: 0
--- !u!244 &4906827825653176350
AudioMixerEffectController:
  m_ObjectHideFlags: 3
  m_CorrespondingSourceObject: {fileID: 0}
  m_PrefabInstance: {fileID: 0}
  m_PrefabAsset: {fileID: 0}
  m_Name: 
  m_EffectID: 5eb22633f7ed8d441a1d438f8f154401
  m_EffectName: Attenuation
  m_MixLevel: 9b11b19ebf897594a8a25feab4709d8a
  m_Parameters: []
  m_SendTarget: {fileID: 0}
  m_EnableWetMix: 0
  m_Bypass: 0
--- !u!244 &6252300689858055794
AudioMixerEffectController:
  m_ObjectHideFlags: 3
  m_CorrespondingSourceObject: {fileID: 0}
  m_PrefabInstance: {fileID: 0}
  m_PrefabAsset: {fileID: 0}
  m_Name: 
  m_EffectID: 815df0483a4e2c447990ee202ac29bfe
  m_EffectName: Attenuation
  m_MixLevel: 69e54cb2289bdf14aa6783730db9de66
  m_Parameters: []
  m_SendTarget: {fileID: 0}
  m_EnableWetMix: 0
  m_Bypass: 0
--- !u!244 &6592367891244238191
AudioMixerEffectController:
  m_ObjectHideFlags: 3
  m_CorrespondingSourceObject: {fileID: 0}
  m_PrefabInstance: {fileID: 0}
  m_PrefabAsset: {fileID: 0}
  m_Name: 
  m_EffectID: a9bb4c59273c236458908b3531369089
  m_EffectName: Attenuation
  m_MixLevel: c94111f7c2b2bcb45a6bf2a4ef86a140
  m_Parameters: []
  m_SendTarget: {fileID: 0}
  m_EnableWetMix: 0
  m_Bypass: 0
--- !u!243 &6668389439245041347
AudioMixerGroupController:
  m_ObjectHideFlags: 0
  m_CorrespondingSourceObject: {fileID: 0}
  m_PrefabInstance: {fileID: 0}
  m_PrefabAsset: {fileID: 0}
  m_Name: Sparks
  m_AudioMixer: {fileID: 24100000}
  m_GroupID: aba1acfc1affc9245896911112ae7718
  m_Children: []
  m_Volume: 1ac36fb298ac9de4f938cfae6a2ad808
  m_Pitch: dba444d77099b1541bb16d65398c0d48
  m_Send: 00000000000000000000000000000000
  m_Effects:
  - {fileID: 6592367891244238191}
  m_UserColorIndex: 0
  m_Mute: 0
  m_Solo: 0
  m_BypassEffects: 0
--- !u!244 &8439897769488964273
AudioMixerEffectController:
  m_ObjectHideFlags: 3
  m_CorrespondingSourceObject: {fileID: 0}
  m_PrefabInstance: {fileID: 0}
  m_PrefabAsset: {fileID: 0}
  m_Name: 
  m_EffectID: 02bac8dbbaf44024cae8109c8030f79a
  m_EffectName: Attenuation
  m_MixLevel: 7674bc0d6497fc747b273a4ba3d7dc4d
  m_Parameters: []
  m_SendTarget: {fileID: 0}
  m_EnableWetMix: 0
  m_Bypass: 0
