%YAML 1.1
%TAG !u! tag:unity3d.com,2011:
--- !u!29 &1
OcclusionCullingSettings:
  m_ObjectHideFlags: 0
  serializedVersion: 2
  m_OcclusionBakeSettings:
    smallestOccluder: 5
    smallestHole: 0.25
    backfaceThreshold: 100
  m_SceneGUID: 00000000000000000000000000000000
  m_OcclusionCullingData: {fileID: 0}
--- !u!104 &2
RenderSettings:
  m_ObjectHideFlags: 0
  serializedVersion: 9
  m_Fog: 0
  m_FogColor: {r: 0.5, g: 0.5, b: 0.5, a: 1}
  m_FogMode: 3
  m_FogDensity: 0.01
  m_LinearFogStart: 0
  m_LinearFogEnd: 300
  m_AmbientSkyColor: {r: 0, g: 0, b: 0, a: 1}
  m_AmbientEquatorColor: {r: 0.114, g: 0.125, b: 0.133, a: 1}
  m_AmbientGroundColor: {r: 0.047, g: 0.043, b: 0.035, a: 1}
  m_AmbientIntensity: 0
  m_AmbientMode: 3
  m_SubtractiveShadowColor: {r: 0, g: 0, b: 0, a: 1}
  m_SkyboxMaterial: {fileID: 2100000, guid: 100f5acf4ea8c0c4daef08166dce8cae, type: 2}
  m_HaloStrength: 0.5
  m_FlareStrength: 1
  m_FlareFadeSpeed: 3
  m_HaloTexture: {fileID: 0}
  m_SpotCookie: {fileID: 10001, guid: 0000000000000000e000000000000000, type: 0}
  m_DefaultReflectionMode: 0
  m_DefaultReflectionResolution: 128
  m_ReflectionBounces: 1
  m_ReflectionIntensity: 1
  m_CustomReflection: {fileID: 0}
  m_Sun: {fileID: 0}
  m_IndirectSpecularColor: {r: 0, g: 0, b: 0, a: 1}
  m_UseRadianceAmbientProbe: 0
--- !u!157 &3
LightmapSettings:
  m_ObjectHideFlags: 0
  serializedVersion: 12
  m_GIWorkflowMode: 1
  m_GISettings:
    serializedVersion: 2
    m_BounceScale: 1
    m_IndirectOutputScale: 1
    m_AlbedoBoost: 1
    m_EnvironmentLightingMode: 0
    m_EnableBakedLightmaps: 1
    m_EnableRealtimeLightmaps: 0
  m_LightmapEditorSettings:
    serializedVersion: 12
    m_Resolution: 2
    m_BakeResolution: 40
    m_AtlasSize: 1024
    m_AO: 0
    m_AOMaxDistance: 1
    m_CompAOExponent: 1
    m_CompAOExponentDirect: 0
    m_ExtractAmbientOcclusion: 0
    m_Padding: 2
    m_LightmapParameters: {fileID: 0}
    m_LightmapsBakeMode: 1
    m_TextureCompression: 1
    m_FinalGather: 0
    m_FinalGatherFiltering: 1
    m_FinalGatherRayCount: 256
    m_ReflectionCompression: 2
    m_MixedBakeMode: 2
    m_BakeBackend: 1
    m_PVRSampling: 1
    m_PVRDirectSampleCount: 32
    m_PVRSampleCount: 512
    m_PVRBounces: 2
    m_PVREnvironmentSampleCount: 256
    m_PVREnvironmentReferencePointCount: 2048
    m_PVRFilteringMode: 1
    m_PVRDenoiserTypeDirect: 1
    m_PVRDenoiserTypeIndirect: 1
    m_PVRDenoiserTypeAO: 1
    m_PVRFilterTypeDirect: 0
    m_PVRFilterTypeIndirect: 0
    m_PVRFilterTypeAO: 0
    m_PVREnvironmentMIS: 1
    m_PVRCulling: 1
    m_PVRFilteringGaussRadiusDirect: 1
    m_PVRFilteringGaussRadiusIndirect: 5
    m_PVRFilteringGaussRadiusAO: 2
    m_PVRFilteringAtrousPositionSigmaDirect: 0.5
    m_PVRFilteringAtrousPositionSigmaIndirect: 2
    m_PVRFilteringAtrousPositionSigmaAO: 1
    m_ExportTrainingData: 0
    m_TrainingDataDestination: TrainingData
    m_LightProbeSampleCountMultiplier: 4
  m_LightingDataAsset: {fileID: 0}
  m_LightingSettings: {fileID: 0}
--- !u!196 &4
NavMeshSettings:
  serializedVersion: 2
  m_ObjectHideFlags: 0
  m_BuildSettings:
    serializedVersion: 2
    agentTypeID: 0
    agentRadius: 0.5
    agentHeight: 2
    agentSlope: 45
    agentClimb: 0.4
    ledgeDropHeight: 0
    maxJumpAcrossDistance: 0
    minRegionArea: 2
    manualCellSize: 0
    cellSize: 0.16666667
    manualTileSize: 0
    tileSize: 256
    accuratePlacement: 0
    maxJobWorkers: 0
    preserveTilesOutsideBounds: 0
    debug:
      m_Flags: 0
  m_NavMeshData: {fileID: 0}
--- !u!1 &25658686
GameObject:
  m_ObjectHideFlags: 0
  m_CorrespondingSourceObject: {fileID: 0}
  m_PrefabInstance: {fileID: 0}
  m_PrefabAsset: {fileID: 0}
  serializedVersion: 6
  m_Component:
  - component: {fileID: 25658688}
  - component: {fileID: 25658687}
  m_Layer: 0
  m_Name: Directional Light
  m_TagString: Untagged
  m_Icon: {fileID: 0}
  m_NavMeshLayer: 0
  m_StaticEditorFlags: 0
  m_IsActive: 0
--- !u!108 &25658687
Light:
  m_ObjectHideFlags: 0
  m_CorrespondingSourceObject: {fileID: 0}
  m_PrefabInstance: {fileID: 0}
  m_PrefabAsset: {fileID: 0}
  m_GameObject: {fileID: 25658686}
  m_Enabled: 1
  serializedVersion: 10
  m_Type: 1
  m_Shape: 0
  m_Color: {r: 1, g: 0.95686275, b: 0.8392157, a: 1}
  m_Intensity: 2
  m_Range: 10
  m_SpotAngle: 30
  m_InnerSpotAngle: 21.80208
  m_CookieSize: 10
  m_Shadows:
    m_Type: 0
    m_Resolution: -1
    m_CustomResolution: -1
    m_Strength: 1
    m_Bias: 0.05
    m_NormalBias: 0.4
    m_NearPlane: 0.2
    m_CullingMatrixOverride:
      e00: 1
      e01: 0
      e02: 0
      e03: 0
      e10: 0
      e11: 1
      e12: 0
      e13: 0
      e20: 0
      e21: 0
      e22: 1
      e23: 0
      e30: 0
      e31: 0
      e32: 0
      e33: 1
    m_UseCullingMatrixOverride: 0
  m_Cookie: {fileID: 0}
  m_DrawHalo: 0
  m_Flare: {fileID: 0}
  m_RenderMode: 0
  m_CullingMask:
    serializedVersion: 2
    m_Bits: 4294967295
  m_RenderingLayerMask: 1
  m_Lightmapping: 4
  m_LightShadowCasterMode: 0
  m_AreaSize: {x: 1, y: 1}
  m_BounceIntensity: 1
  m_ColorTemperature: 6570
  m_UseColorTemperature: 0
  m_BoundingSphereOverride: {x: 0, y: 0, z: 0, w: 0}
  m_UseBoundingSphereOverride: 0
  m_ShadowRadius: 0
  m_ShadowAngle: 0
--- !u!4 &25658688
Transform:
  m_ObjectHideFlags: 0
  m_CorrespondingSourceObject: {fileID: 0}
  m_PrefabInstance: {fileID: 0}
  m_PrefabAsset: {fileID: 0}
  m_GameObject: {fileID: 25658686}
  m_LocalRotation: {x: 0.076335765, y: -0.3270734, z: 0.90877926, w: -0.24762073}
  m_LocalPosition: {x: 0.1, y: 0, z: 3}
  m_LocalScale: {x: 1, y: 1, z: 1}
  m_Children: []
  m_Father: {fileID: 635040512}
  m_RootOrder: 1
  m_LocalEulerAnglesHint: {x: 146.174, y: -158.77701, z: 37.003998}
--- !u!1001 &111135540
PrefabInstance:
  m_ObjectHideFlags: 0
  serializedVersion: 2
  m_Modification:
    m_TransformParent: {fileID: 635040512}
    m_Modifications:
    - target: {fileID: 1112801073274290695, guid: df0695fce6ed51a4e81ed89761a4d684, type: 3}
      propertyPath: m_LocalPosition.x
      value: 4.21
      objectReference: {fileID: 0}
    - target: {fileID: 1112801073274290695, guid: df0695fce6ed51a4e81ed89761a4d684, type: 3}
      propertyPath: m_LocalPosition.y
      value: 3.95
      objectReference: {fileID: 0}
    - target: {fileID: 1112801073274290695, guid: df0695fce6ed51a4e81ed89761a4d684, type: 3}
      propertyPath: m_LocalPosition.z
      value: 0.66
      objectReference: {fileID: 0}
    - target: {fileID: 1112801073274290695, guid: df0695fce6ed51a4e81ed89761a4d684, type: 3}
      propertyPath: m_LocalRotation.x
      value: -0
      objectReference: {fileID: 0}
    - target: {fileID: 1112801073274290695, guid: df0695fce6ed51a4e81ed89761a4d684, type: 3}
      propertyPath: m_LocalRotation.y
      value: -0.2969126
      objectReference: {fileID: 0}
    - target: {fileID: 1112801073274290695, guid: df0695fce6ed51a4e81ed89761a4d684, type: 3}
      propertyPath: m_LocalRotation.z
      value: 0
      objectReference: {fileID: 0}
    - target: {fileID: 1112801073274290695, guid: df0695fce6ed51a4e81ed89761a4d684, type: 3}
      propertyPath: m_LocalRotation.w
      value: 0.9549047
      objectReference: {fileID: 0}
    - target: {fileID: 1112801073274290695, guid: df0695fce6ed51a4e81ed89761a4d684, type: 3}
      propertyPath: m_RootOrder
      value: 6
      objectReference: {fileID: 0}
    - target: {fileID: 1112801073274290695, guid: df0695fce6ed51a4e81ed89761a4d684, type: 3}
      propertyPath: m_LocalEulerAnglesHint.x
      value: 0
      objectReference: {fileID: 0}
    - target: {fileID: 1112801073274290695, guid: df0695fce6ed51a4e81ed89761a4d684, type: 3}
      propertyPath: m_LocalEulerAnglesHint.y
      value: 0
      objectReference: {fileID: 0}
    - target: {fileID: 1112801073274290695, guid: df0695fce6ed51a4e81ed89761a4d684, type: 3}
      propertyPath: m_LocalEulerAnglesHint.z
      value: 0
      objectReference: {fileID: 0}
    - target: {fileID: 1112801073274290695, guid: df0695fce6ed51a4e81ed89761a4d684, type: 3}
      propertyPath: m_LocalScale.x
      value: 2
      objectReference: {fileID: 0}
    - target: {fileID: 1112801073274290695, guid: df0695fce6ed51a4e81ed89761a4d684, type: 3}
      propertyPath: m_LocalScale.y
      value: 2
      objectReference: {fileID: 0}
    - target: {fileID: 1112801073274290695, guid: df0695fce6ed51a4e81ed89761a4d684, type: 3}
      propertyPath: m_LocalScale.z
      value: 2
      objectReference: {fileID: 0}
    - target: {fileID: 1112801073274290696, guid: df0695fce6ed51a4e81ed89761a4d684, type: 3}
      propertyPath: m_Name
      value: ProbeHolder
      objectReference: {fileID: 0}
    m_RemovedComponents: []
  m_SourcePrefab: {fileID: 100100000, guid: df0695fce6ed51a4e81ed89761a4d684, type: 3}
--- !u!4 &111135541 stripped
Transform:
  m_CorrespondingSourceObject: {fileID: 1112801073274290695, guid: df0695fce6ed51a4e81ed89761a4d684, type: 3}
  m_PrefabInstance: {fileID: 111135540}
  m_PrefabAsset: {fileID: 0}
--- !u!4 &111135542 stripped
Transform:
  m_CorrespondingSourceObject: {fileID: 5841970378533709669, guid: df0695fce6ed51a4e81ed89761a4d684, type: 3}
  m_PrefabInstance: {fileID: 111135540}
  m_PrefabAsset: {fileID: 0}
--- !u!1 &128174180
GameObject:
  m_ObjectHideFlags: 0
  m_CorrespondingSourceObject: {fileID: 0}
  m_PrefabInstance: {fileID: 0}
  m_PrefabAsset: {fileID: 0}
  serializedVersion: 6
  m_Component:
  - component: {fileID: 128174181}
  - component: {fileID: 128174182}
  m_Layer: 0
  m_Name: Spot Light
  m_TagString: Untagged
  m_Icon: {fileID: 0}
  m_NavMeshLayer: 0
  m_StaticEditorFlags: 0
  m_IsActive: 1
--- !u!4 &128174181
Transform:
  m_ObjectHideFlags: 0
  m_CorrespondingSourceObject: {fileID: 0}
  m_PrefabInstance: {fileID: 0}
  m_PrefabAsset: {fileID: 0}
  m_GameObject: {fileID: 128174180}
  m_LocalRotation: {x: 0.24498752, y: -0.000000029802322, z: -0.000000007450581, w: 0.96952623}
  m_LocalPosition: {x: 0, y: 0.09, z: 0.407}
  m_LocalScale: {x: 1, y: 1, z: 1}
  m_Children: []
  m_Father: {fileID: 111135542}
  m_RootOrder: 1
  m_LocalEulerAnglesHint: {x: 28.362, y: 0, z: 0}
--- !u!108 &128174182
Light:
  m_ObjectHideFlags: 0
  m_CorrespondingSourceObject: {fileID: 0}
  m_PrefabInstance: {fileID: 0}
  m_PrefabAsset: {fileID: 0}
  m_GameObject: {fileID: 128174180}
  m_Enabled: 1
  serializedVersion: 10
  m_Type: 0
  m_Shape: 0
  m_Color: {r: 0.2470588, g: 0.5215687, b: 0.7764706, a: 1}
  m_Intensity: 172.6
  m_Range: 15
  m_SpotAngle: 69.77778
  m_InnerSpotAngle: 21.80208
  m_CookieSize: 10
  m_Shadows:
    m_Type: 1
    m_Resolution: -1
    m_CustomResolution: -1
    m_Strength: 1
    m_Bias: 0.05
    m_NormalBias: 0.4
    m_NearPlane: 0.2
    m_CullingMatrixOverride:
      e00: 1
      e01: 0
      e02: 0
      e03: 0
      e10: 0
      e11: 1
      e12: 0
      e13: 0
      e20: 0
      e21: 0
      e22: 1
      e23: 0
      e30: 0
      e31: 0
      e32: 0
      e33: 1
    m_UseCullingMatrixOverride: 0
  m_Cookie: {fileID: 0}
  m_DrawHalo: 0
  m_Flare: {fileID: 0}
  m_RenderMode: 0
  m_CullingMask:
    serializedVersion: 2
    m_Bits: 4294967295
  m_RenderingLayerMask: 1
  m_Lightmapping: 4
  m_LightShadowCasterMode: 0
  m_AreaSize: {x: 1, y: 1}
  m_BounceIntensity: 0
  m_ColorTemperature: 6570
  m_UseColorTemperature: 0
  m_BoundingSphereOverride: {x: 0, y: 0, z: 0, w: 0}
  m_UseBoundingSphereOverride: 0
  m_ShadowRadius: 0
  m_ShadowAngle: 0
--- !u!1 &524378611
GameObject:
  m_ObjectHideFlags: 3
  m_CorrespondingSourceObject: {fileID: 0}
  m_PrefabInstance: {fileID: 0}
  m_PrefabAsset: {fileID: 0}
  serializedVersion: 6
  m_Component:
  - component: {fileID: 524378612}
  - component: {fileID: 524378615}
  - component: {fileID: 524378614}
  - component: {fileID: 524378613}
  m_Layer: 0
  m_Name: cm
  m_TagString: Untagged
  m_Icon: {fileID: 0}
  m_NavMeshLayer: 0
  m_StaticEditorFlags: 0
  m_IsActive: 1
--- !u!4 &524378612
Transform:
  m_ObjectHideFlags: 3
  m_CorrespondingSourceObject: {fileID: 0}
  m_PrefabInstance: {fileID: 0}
  m_PrefabAsset: {fileID: 0}
  m_GameObject: {fileID: 524378611}
  m_LocalRotation: {x: 0.09741015, y: 0.8879529, z: -0.22096856, w: -0.39143822}
  m_LocalPosition: {x: 1.0989304, y: -1.2776132, z: 22.446033}
  m_LocalScale: {x: 1, y: 1, z: 1}
  m_Children: []
  m_Father: {fileID: 1525868703}
  m_RootOrder: 0
  m_LocalEulerAnglesHint: {x: 0, y: 0, z: 0}
--- !u!114 &524378613
MonoBehaviour:
  m_ObjectHideFlags: 3
  m_CorrespondingSourceObject: {fileID: 0}
  m_PrefabInstance: {fileID: 0}
  m_PrefabAsset: {fileID: 0}
  m_GameObject: {fileID: 524378611}
  m_Enabled: 1
  m_EditorHideFlags: 0
  m_Script: {fileID: 11500000, guid: fa7155796051b734daa718462081dc5f, type: 3}
  m_Name: 
  m_EditorClassIdentifier: 
  m_BindingMode: 1
  m_FollowOffset: {x: 0, y: 0, z: -10}
  m_XDamping: 1
  m_YDamping: 1
  m_ZDamping: 1
  m_AngularDampingMode: 0
  m_PitchDamping: 0
  m_YawDamping: 0
  m_RollDamping: 0
  m_AngularDamping: 0
--- !u!114 &524378614
MonoBehaviour:
  m_ObjectHideFlags: 3
  m_CorrespondingSourceObject: {fileID: 0}
  m_PrefabInstance: {fileID: 0}
  m_PrefabAsset: {fileID: 0}
  m_GameObject: {fileID: 524378611}
  m_Enabled: 1
  m_EditorHideFlags: 0
  m_Script: {fileID: 11500000, guid: f4044717213e31446939f7bd49c896ea, type: 3}
  m_Name: 
  m_EditorClassIdentifier: 
  m_TrackedObjectOffset: {x: 0, y: 0, z: 0}
  m_LookaheadTime: 0
  m_LookaheadSmoothing: 0
  m_LookaheadIgnoreY: 0
  m_HorizontalDamping: 0.5
  m_VerticalDamping: 0.5
  m_ScreenX: 0.5
  m_ScreenY: 0.5
  m_DeadZoneWidth: 0
  m_DeadZoneHeight: 0
  m_SoftZoneWidth: 0.8
  m_SoftZoneHeight: 0.8
  m_BiasX: 0
  m_BiasY: 0
  m_CenterOnActivate: 1
--- !u!114 &524378615
MonoBehaviour:
  m_ObjectHideFlags: 3
  m_CorrespondingSourceObject: {fileID: 0}
  m_PrefabInstance: {fileID: 0}
  m_PrefabAsset: {fileID: 0}
  m_GameObject: {fileID: 524378611}
  m_Enabled: 1
  m_EditorHideFlags: 0
  m_Script: {fileID: 11500000, guid: ac0b09e7857660247b1477e93731de29, type: 3}
  m_Name: 
  m_EditorClassIdentifier: 
--- !u!1 &635040511
GameObject:
  m_ObjectHideFlags: 0
  m_CorrespondingSourceObject: {fileID: 0}
  m_PrefabInstance: {fileID: 0}
  m_PrefabAsset: {fileID: 0}
  serializedVersion: 6
  m_Component:
  - component: {fileID: 635040512}
  - component: {fileID: 635040514}
  - component: {fileID: 635040513}
  m_Layer: 0
  m_Name: 05.caves
  m_TagString: Untagged
  m_Icon: {fileID: 0}
  m_NavMeshLayer: 0
  m_StaticEditorFlags: 0
  m_IsActive: 1
--- !u!4 &635040512
Transform:
  m_ObjectHideFlags: 0
  m_CorrespondingSourceObject: {fileID: 0}
  m_PrefabInstance: {fileID: 0}
  m_PrefabAsset: {fileID: 0}
  m_GameObject: {fileID: 635040511}
  m_LocalRotation: {x: 0, y: 0, z: 0, w: 1}
  m_LocalPosition: {x: 0, y: 0, z: 0}
  m_LocalScale: {x: 1, y: 1, z: 1}
  m_Children:
  - {fileID: 8789749840776585444}
  - {fileID: 25658688}
  - {fileID: 8917048646142562815}
  - {fileID: 5494532654229919419}
  - {fileID: 5564783084551882761}
  - {fileID: 1720699050}
  - {fileID: 111135541}
  m_Father: {fileID: 0}
  m_RootOrder: 1
  m_LocalEulerAnglesHint: {x: 0, y: 0, z: 0}
--- !u!114 &635040513
MonoBehaviour:
  m_ObjectHideFlags: 0
  m_CorrespondingSourceObject: {fileID: 0}
  m_PrefabInstance: {fileID: 0}
  m_PrefabAsset: {fileID: 0}
  m_GameObject: {fileID: 635040511}
  m_Enabled: 1
  m_EditorHideFlags: 0
  m_Script: {fileID: 11500000, guid: a3dfbfa916c8fd049b500a0fd53d9cb8, type: 3}
  m_Name: 
  m_EditorClassIdentifier: 
  dialog: {fileID: 1728196201}
  firstDialog: {fileID: 4900000, guid: 3f2112264d3dfca49b05f7e3830c1c82, type: 3}
--- !u!82 &635040514
AudioSource:
  m_ObjectHideFlags: 0
  m_CorrespondingSourceObject: {fileID: 0}
  m_PrefabInstance: {fileID: 0}
  m_PrefabAsset: {fileID: 0}
  m_GameObject: {fileID: 635040511}
  m_Enabled: 1
  serializedVersion: 4
  OutputAudioMixerGroup: {fileID: -4174262339376779591, guid: f1708f28dfeb26241920768a0880f2f8, type: 2}
  m_audioClip: {fileID: 8300000, guid: f8b452cb9db9dca4abd7c292c477119a, type: 3}
  m_PlayOnAwake: 1
  m_Volume: 0.5
  m_Pitch: 1
  Loop: 1
  Mute: 0
  Spatialize: 0
  SpatializePostEffects: 0
  Priority: 128
  DopplerLevel: 1
  MinDistance: 1
  MaxDistance: 500
  Pan2D: 0
  rolloffMode: 0
  BypassEffects: 0
  BypassListenerEffects: 0
  BypassReverbZones: 0
  rolloffCustomCurve:
    serializedVersion: 2
    m_Curve:
    - serializedVersion: 3
      time: 0
      value: 1
      inSlope: 0
      outSlope: 0
      tangentMode: 0
      weightedMode: 0
      inWeight: 0.33333334
      outWeight: 0.33333334
    - serializedVersion: 3
      time: 1
      value: 0
      inSlope: 0
      outSlope: 0
      tangentMode: 0
      weightedMode: 0
      inWeight: 0.33333334
      outWeight: 0.33333334
    m_PreInfinity: 2
    m_PostInfinity: 2
    m_RotationOrder: 4
  panLevelCustomCurve:
    serializedVersion: 2
    m_Curve:
    - serializedVersion: 3
      time: 0
      value: 0
      inSlope: 0
      outSlope: 0
      tangentMode: 0
      weightedMode: 0
      inWeight: 0.33333334
      outWeight: 0.33333334
    m_PreInfinity: 2
    m_PostInfinity: 2
    m_RotationOrder: 4
  spreadCustomCurve:
    serializedVersion: 2
    m_Curve:
    - serializedVersion: 3
      time: 0
      value: 0
      inSlope: 0
      outSlope: 0
      tangentMode: 0
      weightedMode: 0
      inWeight: 0.33333334
      outWeight: 0.33333334
    m_PreInfinity: 2
    m_PostInfinity: 2
    m_RotationOrder: 4
  reverbZoneMixCustomCurve:
    serializedVersion: 2
    m_Curve:
    - serializedVersion: 3
      time: 0
      value: 1
      inSlope: 0
      outSlope: 0
      tangentMode: 0
      weightedMode: 0
      inWeight: 0.33333334
      outWeight: 0.33333334
    m_PreInfinity: 2
    m_PostInfinity: 2
    m_RotationOrder: 4
--- !u!1 &660679134
GameObject:
  m_ObjectHideFlags: 0
  m_CorrespondingSourceObject: {fileID: 0}
  m_PrefabInstance: {fileID: 0}
  m_PrefabAsset: {fileID: 0}
  serializedVersion: 6
  m_Component:
  - component: {fileID: 660679135}
  - component: {fileID: 660679137}
  - component: {fileID: 660679136}
  m_Layer: 8
  m_Name: TravelToCaverns
  m_TagString: Untagged
  m_Icon: {fileID: 0}
  m_NavMeshLayer: 0
  m_StaticEditorFlags: 4294967295
  m_IsActive: 1
--- !u!4 &660679135
Transform:
  m_ObjectHideFlags: 0
  m_CorrespondingSourceObject: {fileID: 0}
  m_PrefabInstance: {fileID: 0}
  m_PrefabAsset: {fileID: 0}
  m_GameObject: {fileID: 660679134}
  m_LocalRotation: {x: 0, y: 0, z: 0, w: 1}
  m_LocalPosition: {x: 15.65, y: 0, z: -3.2}
  m_LocalScale: {x: 1, y: 1, z: 1}
  m_Children: []
  m_Father: {fileID: 1720699050}
  m_RootOrder: 2
  m_LocalEulerAnglesHint: {x: 0, y: 0, z: 0}
--- !u!65 &660679136
BoxCollider:
  m_ObjectHideFlags: 0
  m_CorrespondingSourceObject: {fileID: 0}
  m_PrefabInstance: {fileID: 0}
  m_PrefabAsset: {fileID: 0}
  m_GameObject: {fileID: 660679134}
  m_Material: {fileID: 0}
  m_IsTrigger: 0
  m_Enabled: 1
  serializedVersion: 2
  m_Size: {x: 9.188824, y: 18.4319, z: 10.671148}
  m_Center: {x: 3.6260357, y: 2.2171173, z: 0.47272396}
--- !u!114 &660679137
MonoBehaviour:
  m_ObjectHideFlags: 0
  m_CorrespondingSourceObject: {fileID: 0}
  m_PrefabInstance: {fileID: 0}
  m_PrefabAsset: {fileID: 0}
  m_GameObject: {fileID: 660679134}
  m_Enabled: 1
  m_EditorHideFlags: 0
  m_Script: {fileID: 11500000, guid: 95aea3414aba60747a1e0b56cc1e028d, type: 3}
  m_Name: 
  m_EditorClassIdentifier: 
  hintText: Travel to Caverns
  cursorIcon: {fileID: 0}
  cursorColor: {r: 1, g: 1, b: 1, a: 1}
  hasSceneTransition: 1
  targetScene: 7
  hasDialog: 0
  dialog: {fileID: 0}
  dialogLines: {fileID: 0}
  hasSignal: 0
  story: {fileID: 0}
  data: 
  hasProgressFlag: 0
  flag: 0
  isSet: 1
  hideIfSet: 1
--- !u!1 &728982498
GameObject:
  m_ObjectHideFlags: 0
  m_CorrespondingSourceObject: {fileID: 0}
  m_PrefabInstance: {fileID: 0}
  m_PrefabAsset: {fileID: 0}
  serializedVersion: 6
  m_Component:
  - component: {fileID: 728982499}
  - component: {fileID: 728982501}
  - component: {fileID: 728982500}
  m_Layer: 8
  m_Name: TravelToGully
  m_TagString: Untagged
  m_Icon: {fileID: 0}
  m_NavMeshLayer: 0
  m_StaticEditorFlags: 4294967295
  m_IsActive: 1
--- !u!4 &728982499
Transform:
  m_ObjectHideFlags: 0
  m_CorrespondingSourceObject: {fileID: 0}
  m_PrefabInstance: {fileID: 0}
  m_PrefabAsset: {fileID: 0}
  m_GameObject: {fileID: 728982498}
  m_LocalRotation: {x: 0, y: 0, z: 0, w: 1}
  m_LocalPosition: {x: -22.53, y: 0, z: -0.11}
  m_LocalScale: {x: 1, y: 1, z: 1}
  m_Children: []
  m_Father: {fileID: 1720699050}
  m_RootOrder: 0
  m_LocalEulerAnglesHint: {x: 0, y: 0, z: 0}
--- !u!65 &728982500
BoxCollider:
  m_ObjectHideFlags: 0
  m_CorrespondingSourceObject: {fileID: 0}
  m_PrefabInstance: {fileID: 0}
  m_PrefabAsset: {fileID: 0}
  m_GameObject: {fileID: 728982498}
  m_Material: {fileID: 0}
  m_IsTrigger: 0
  m_Enabled: 1
  serializedVersion: 2
  m_Size: {x: 2.2385235, y: 6.7032604, z: 7.3588963}
  m_Center: {x: 0.15088558, y: 2.4343176, z: 2.12885}
--- !u!114 &728982501
MonoBehaviour:
  m_ObjectHideFlags: 0
  m_CorrespondingSourceObject: {fileID: 0}
  m_PrefabInstance: {fileID: 0}
  m_PrefabAsset: {fileID: 0}
  m_GameObject: {fileID: 728982498}
  m_Enabled: 1
  m_EditorHideFlags: 0
  m_Script: {fileID: 11500000, guid: 95aea3414aba60747a1e0b56cc1e028d, type: 3}
  m_Name: 
  m_EditorClassIdentifier: 
  hintText: Travel to Gully
  cursorIcon: {fileID: 0}
  cursorColor: {r: 1, g: 1, b: 1, a: 1}
  hasSceneTransition: 1
  targetScene: 2
  hasDialog: 0
  dialog: {fileID: 0}
  dialogLines: {fileID: 0}
  hasSignal: 0
  story: {fileID: 0}
  data: 
  hasProgressFlag: 0
  flag: 0
  isSet: 1
  hideIfSet: 1
--- !u!1 &1121882287
GameObject:
  m_ObjectHideFlags: 0
  m_CorrespondingSourceObject: {fileID: 0}
  m_PrefabInstance: {fileID: 0}
  m_PrefabAsset: {fileID: 0}
  serializedVersion: 6
  m_Component:
  - component: {fileID: 1121882289}
  - component: {fileID: 1121882288}
  m_Layer: 0
  m_Name: Point Light
  m_TagString: Untagged
  m_Icon: {fileID: 0}
  m_NavMeshLayer: 0
  m_StaticEditorFlags: 0
  m_IsActive: 1
--- !u!108 &1121882288
Light:
  m_ObjectHideFlags: 0
  m_CorrespondingSourceObject: {fileID: 0}
  m_PrefabInstance: {fileID: 0}
  m_PrefabAsset: {fileID: 0}
  m_GameObject: {fileID: 1121882287}
  m_Enabled: 1
  serializedVersion: 10
  m_Type: 2
  m_Shape: 0
  m_Color: {r: 1, g: 0.9254902, b: 0.8392157, a: 1}
  m_Intensity: 525.5
  m_Range: 400
  m_SpotAngle: 30
  m_InnerSpotAngle: 21.80208
  m_CookieSize: 10
  m_Shadows:
    m_Type: 2
    m_Resolution: -1
    m_CustomResolution: -1
    m_Strength: 1
    m_Bias: 0.05
    m_NormalBias: 0.4
    m_NearPlane: 0.2
    m_CullingMatrixOverride:
      e00: 1
      e01: 0
      e02: 0
      e03: 0
      e10: 0
      e11: 1
      e12: 0
      e13: 0
      e20: 0
      e21: 0
      e22: 1
      e23: 0
      e30: 0
      e31: 0
      e32: 0
      e33: 1
    m_UseCullingMatrixOverride: 0
  m_Cookie: {fileID: 0}
  m_DrawHalo: 0
  m_Flare: {fileID: 0}
  m_RenderMode: 0
  m_CullingMask:
    serializedVersion: 2
    m_Bits: 4294967295
  m_RenderingLayerMask: 1
  m_Lightmapping: 4
  m_LightShadowCasterMode: 0
  m_AreaSize: {x: 1, y: 1}
  m_BounceIntensity: 1
  m_ColorTemperature: 6570
  m_UseColorTemperature: 0
  m_BoundingSphereOverride: {x: 0, y: 0, z: 0, w: 0}
  m_UseBoundingSphereOverride: 0
  m_ShadowRadius: 0
  m_ShadowAngle: 0
--- !u!4 &1121882289
Transform:
  m_ObjectHideFlags: 0
  m_CorrespondingSourceObject: {fileID: 0}
  m_PrefabInstance: {fileID: 0}
  m_PrefabAsset: {fileID: 0}
  m_GameObject: {fileID: 1121882287}
  m_LocalRotation: {x: 0, y: 0, z: 0, w: 1}
  m_LocalPosition: {x: -13.7, y: 9.02, z: -2.635373}
  m_LocalScale: {x: 1, y: 1, z: 1}
  m_Children: []
  m_Father: {fileID: 0}
  m_RootOrder: 2
  m_LocalEulerAnglesHint: {x: 0, y: 0, z: 0}
--- !u!1 &1460624321
GameObject:
  m_ObjectHideFlags: 0
  m_CorrespondingSourceObject: {fileID: 0}
  m_PrefabInstance: {fileID: 0}
  m_PrefabAsset: {fileID: 0}
  serializedVersion: 6
  m_Component:
  - component: {fileID: 1460624322}
  - component: {fileID: 1460624324}
  - component: {fileID: 1460624323}
  m_Layer: 8
  m_Name: GameObject
  m_TagString: Untagged
  m_Icon: {fileID: 0}
  m_NavMeshLayer: 0
  m_StaticEditorFlags: 0
  m_IsActive: 1
--- !u!4 &1460624322
Transform:
  m_ObjectHideFlags: 0
  m_CorrespondingSourceObject: {fileID: 0}
  m_PrefabInstance: {fileID: 0}
  m_PrefabAsset: {fileID: 0}
  m_GameObject: {fileID: 1460624321}
  m_LocalRotation: {x: 0, y: 0, z: 0, w: 1}
  m_LocalPosition: {x: 0, y: 16.87, z: 0}
  m_LocalScale: {x: 1, y: 1, z: 1}
  m_Children: []
  m_Father: {fileID: 1720699050}
  m_RootOrder: 3
  m_LocalEulerAnglesHint: {x: 0, y: 0, z: 0}
--- !u!114 &1460624323
MonoBehaviour:
  m_ObjectHideFlags: 0
  m_CorrespondingSourceObject: {fileID: 0}
  m_PrefabInstance: {fileID: 0}
  m_PrefabAsset: {fileID: 0}
  m_GameObject: {fileID: 1460624321}
  m_Enabled: 1
  m_EditorHideFlags: 0
  m_Script: {fileID: 11500000, guid: 95aea3414aba60747a1e0b56cc1e028d, type: 3}
  m_Name: 
  m_EditorClassIdentifier: 
  hintText: Stalactites
  cursorIcon: {fileID: 0}
  cursorColor: {r: 1, g: 1, b: 1, a: 1}
  hasSceneTransition: 0
  targetScene: 0
  hasDialog: 1
  dialog: {fileID: 1728196201}
  dialogLines: {fileID: 4900000, guid: b41604a910bfce046825698566f9054a, type: 3}
  hasSignal: 0
  story: {fileID: 0}
  data: 
  hasProgressFlag: 0
  flag: 0
  isSet: 1
  hideIfSet: 1
--- !u!65 &1460624324
BoxCollider:
  m_ObjectHideFlags: 0
  m_CorrespondingSourceObject: {fileID: 0}
  m_PrefabInstance: {fileID: 0}
  m_PrefabAsset: {fileID: 0}
  m_GameObject: {fileID: 1460624321}
  m_Material: {fileID: 0}
  m_IsTrigger: 0
  m_Enabled: 1
  serializedVersion: 2
  m_Size: {x: 12.228342, y: 3.4512749, z: 13.809848}
  m_Center: {x: -1.5023966, y: -1.2256374, z: -1.3442292}
--- !u!1 &1525868702
GameObject:
  m_ObjectHideFlags: 0
  m_CorrespondingSourceObject: {fileID: 0}
  m_PrefabInstance: {fileID: 0}
  m_PrefabAsset: {fileID: 0}
  serializedVersion: 6
  m_Component:
  - component: {fileID: 1525868703}
  - component: {fileID: 1525868704}
  m_Layer: 0
  m_Name: CM vcam1
  m_TagString: Untagged
  m_Icon: {fileID: 0}
  m_NavMeshLayer: 0
  m_StaticEditorFlags: 0
  m_IsActive: 1
--- !u!4 &1525868703
Transform:
  m_ObjectHideFlags: 0
  m_CorrespondingSourceObject: {fileID: 0}
  m_PrefabInstance: {fileID: 0}
  m_PrefabAsset: {fileID: 0}
  m_GameObject: {fileID: 1525868702}
  m_LocalRotation: {x: -0.1490201, y: -0.3893404, z: 0.06399281, w: -0.90670395}
  m_LocalPosition: {x: -23.9, y: 16.5, z: -23.3}
  m_LocalScale: {x: 1, y: 1, z: 1}
  m_Children:
  - {fileID: 524378612}
  m_Father: {fileID: 5564783084551882761}
  m_RootOrder: 0
  m_LocalEulerAnglesHint: {x: 14.224, y: 110.235, z: -0.147}
--- !u!114 &1525868704
MonoBehaviour:
  m_ObjectHideFlags: 0
  m_CorrespondingSourceObject: {fileID: 0}
  m_PrefabInstance: {fileID: 0}
  m_PrefabAsset: {fileID: 0}
  m_GameObject: {fileID: 1525868702}
  m_Enabled: 1
  m_EditorHideFlags: 0
  m_Script: {fileID: 11500000, guid: 45e653bab7fb20e499bda25e1b646fea, type: 3}
  m_Name: 
  m_EditorClassIdentifier: 
  m_ExcludedPropertiesInInspector:
  - m_Script
  m_LockStageInInspector: 
  m_StreamingVersion: 20170927
  m_Priority: 10
  m_StandbyUpdate: 2
  m_LookAt: {fileID: 0}
  m_Follow: {fileID: 0}
  m_Lens:
    FieldOfView: 60
    OrthographicSize: 5
    NearClipPlane: 0.001
    FarClipPlane: 1000
    Dutch: 0
    LensShift: {x: 0, y: 0}
  m_Transitions:
    m_BlendHint: 0
    m_InheritPosition: 0
    m_OnCameraLive:
      m_PersistentCalls:
        m_Calls: []
  m_LegacyBlendHint: 0
  m_ComponentOwner: {fileID: 524378612}
--- !u!1001 &1594236126
PrefabInstance:
  m_ObjectHideFlags: 0
  serializedVersion: 2
  m_Modification:
    m_TransformParent: {fileID: 8789749840776585444}
    m_Modifications:
    - target: {fileID: 2273966454657199761, guid: b32a54baf2a6fc540917b3cf3f44b1bc, type: 3}
      propertyPath: m_Name
      value: DarkPanel
      objectReference: {fileID: 0}
    - target: {fileID: 2273966454657199766, guid: b32a54baf2a6fc540917b3cf3f44b1bc, type: 3}
      propertyPath: m_LocalPosition.x
      value: 0
      objectReference: {fileID: 0}
    - target: {fileID: 2273966454657199766, guid: b32a54baf2a6fc540917b3cf3f44b1bc, type: 3}
      propertyPath: m_LocalPosition.y
      value: 0
      objectReference: {fileID: 0}
    - target: {fileID: 2273966454657199766, guid: b32a54baf2a6fc540917b3cf3f44b1bc, type: 3}
      propertyPath: m_LocalPosition.z
      value: 0
      objectReference: {fileID: 0}
    - target: {fileID: 2273966454657199766, guid: b32a54baf2a6fc540917b3cf3f44b1bc, type: 3}
      propertyPath: m_LocalRotation.x
      value: -0
      objectReference: {fileID: 0}
    - target: {fileID: 2273966454657199766, guid: b32a54baf2a6fc540917b3cf3f44b1bc, type: 3}
      propertyPath: m_LocalRotation.y
      value: -0
      objectReference: {fileID: 0}
    - target: {fileID: 2273966454657199766, guid: b32a54baf2a6fc540917b3cf3f44b1bc, type: 3}
      propertyPath: m_LocalRotation.z
      value: -0
      objectReference: {fileID: 0}
    - target: {fileID: 2273966454657199766, guid: b32a54baf2a6fc540917b3cf3f44b1bc, type: 3}
      propertyPath: m_LocalRotation.w
      value: 1
      objectReference: {fileID: 0}
    - target: {fileID: 2273966454657199766, guid: b32a54baf2a6fc540917b3cf3f44b1bc, type: 3}
      propertyPath: m_RootOrder
      value: 0
      objectReference: {fileID: 0}
    - target: {fileID: 2273966454657199766, guid: b32a54baf2a6fc540917b3cf3f44b1bc, type: 3}
      propertyPath: m_LocalEulerAnglesHint.x
      value: 0
      objectReference: {fileID: 0}
    - target: {fileID: 2273966454657199766, guid: b32a54baf2a6fc540917b3cf3f44b1bc, type: 3}
      propertyPath: m_LocalEulerAnglesHint.y
      value: 0
      objectReference: {fileID: 0}
    - target: {fileID: 2273966454657199766, guid: b32a54baf2a6fc540917b3cf3f44b1bc, type: 3}
      propertyPath: m_LocalEulerAnglesHint.z
      value: 0
      objectReference: {fileID: 0}
    - target: {fileID: 2273966454657199766, guid: b32a54baf2a6fc540917b3cf3f44b1bc, type: 3}
      propertyPath: m_AnchoredPosition.x
      value: 0
      objectReference: {fileID: 0}
    - target: {fileID: 2273966454657199766, guid: b32a54baf2a6fc540917b3cf3f44b1bc, type: 3}
      propertyPath: m_AnchoredPosition.y
      value: 0
      objectReference: {fileID: 0}
    - target: {fileID: 2273966454657199766, guid: b32a54baf2a6fc540917b3cf3f44b1bc, type: 3}
      propertyPath: m_SizeDelta.x
      value: 0
      objectReference: {fileID: 0}
    - target: {fileID: 2273966454657199766, guid: b32a54baf2a6fc540917b3cf3f44b1bc, type: 3}
      propertyPath: m_SizeDelta.y
      value: 0
      objectReference: {fileID: 0}
    - target: {fileID: 2273966454657199766, guid: b32a54baf2a6fc540917b3cf3f44b1bc, type: 3}
      propertyPath: m_AnchorMin.x
      value: 0
      objectReference: {fileID: 0}
    - target: {fileID: 2273966454657199766, guid: b32a54baf2a6fc540917b3cf3f44b1bc, type: 3}
      propertyPath: m_AnchorMin.y
      value: 0
      objectReference: {fileID: 0}
    - target: {fileID: 2273966454657199766, guid: b32a54baf2a6fc540917b3cf3f44b1bc, type: 3}
      propertyPath: m_AnchorMax.x
      value: 1
      objectReference: {fileID: 0}
    - target: {fileID: 2273966454657199766, guid: b32a54baf2a6fc540917b3cf3f44b1bc, type: 3}
      propertyPath: m_AnchorMax.y
      value: 0.5
      objectReference: {fileID: 0}
    - target: {fileID: 2273966454657199766, guid: b32a54baf2a6fc540917b3cf3f44b1bc, type: 3}
      propertyPath: m_Pivot.x
      value: 0.5
      objectReference: {fileID: 0}
    - target: {fileID: 2273966454657199766, guid: b32a54baf2a6fc540917b3cf3f44b1bc, type: 3}
      propertyPath: m_Pivot.y
      value: 0
      objectReference: {fileID: 0}
    m_RemovedComponents: []
  m_SourcePrefab: {fileID: 100100000, guid: b32a54baf2a6fc540917b3cf3f44b1bc, type: 3}
--- !u!224 &1594236127 stripped
RectTransform:
  m_CorrespondingSourceObject: {fileID: 2273966454657199766, guid: b32a54baf2a6fc540917b3cf3f44b1bc, type: 3}
  m_PrefabInstance: {fileID: 1594236126}
  m_PrefabAsset: {fileID: 0}
--- !u!1 &1594661278
GameObject:
  m_ObjectHideFlags: 0
  m_CorrespondingSourceObject: {fileID: 0}
  m_PrefabInstance: {fileID: 0}
  m_PrefabAsset: {fileID: 0}
  serializedVersion: 6
  m_Component:
  - component: {fileID: 1594661279}
  - component: {fileID: 1594661281}
  - component: {fileID: 1594661280}
  m_Layer: 8
  m_Name: TravelToRavine
  m_TagString: Untagged
  m_Icon: {fileID: 0}
  m_NavMeshLayer: 0
  m_StaticEditorFlags: 4294967295
  m_IsActive: 1
--- !u!4 &1594661279
Transform:
  m_ObjectHideFlags: 0
  m_CorrespondingSourceObject: {fileID: 0}
  m_PrefabInstance: {fileID: 0}
  m_PrefabAsset: {fileID: 0}
  m_GameObject: {fileID: 1594661278}
  m_LocalRotation: {x: 0, y: 0, z: 0, w: 1}
  m_LocalPosition: {x: -4.6, y: 0, z: 22.3}
  m_LocalScale: {x: 1, y: 1, z: 1}
  m_Children: []
  m_Father: {fileID: 1720699050}
  m_RootOrder: 1
  m_LocalEulerAnglesHint: {x: 0, y: 0, z: 0}
--- !u!65 &1594661280
BoxCollider:
  m_ObjectHideFlags: 0
  m_CorrespondingSourceObject: {fileID: 0}
  m_PrefabInstance: {fileID: 0}
  m_PrefabAsset: {fileID: 0}
  m_GameObject: {fileID: 1594661278}
  m_Material: {fileID: 0}
  m_IsTrigger: 0
  m_Enabled: 1
  serializedVersion: 2
  m_Size: {x: 8.917326, y: 6.7032604, z: 7.3588963}
  m_Center: {x: 0.069437265, y: 2.4343176, z: 2.12885}
--- !u!114 &1594661281
MonoBehaviour:
  m_ObjectHideFlags: 0
  m_CorrespondingSourceObject: {fileID: 0}
  m_PrefabInstance: {fileID: 0}
  m_PrefabAsset: {fileID: 0}
  m_GameObject: {fileID: 1594661278}
  m_Enabled: 1
  m_EditorHideFlags: 0
  m_Script: {fileID: 11500000, guid: 95aea3414aba60747a1e0b56cc1e028d, type: 3}
  m_Name: 
  m_EditorClassIdentifier: 
  hintText: Travel to Ravine
  cursorIcon: {fileID: 0}
  cursorColor: {r: 1, g: 1, b: 1, a: 1}
  hasSceneTransition: 1
  targetScene: 6
  hasDialog: 0
  dialog: {fileID: 0}
  dialogLines: {fileID: 0}
  hasSignal: 0
  story: {fileID: 0}
  data: 
  hasProgressFlag: 0
  flag: 0
  isSet: 1
  hideIfSet: 1
--- !u!1001 &1720185570
PrefabInstance:
  m_ObjectHideFlags: 0
  serializedVersion: 2
  m_Modification:
    m_TransformParent: {fileID: 5494532654229919419}
    m_Modifications:
    - target: {fileID: -8679921383154817045, guid: 3a340a67f8b3ffa42948b5730e4fb0af, type: 3}
      propertyPath: m_LocalPosition.x
      value: 0
      objectReference: {fileID: 0}
    - target: {fileID: -8679921383154817045, guid: 3a340a67f8b3ffa42948b5730e4fb0af, type: 3}
      propertyPath: m_LocalPosition.y
      value: 0
      objectReference: {fileID: 0}
    - target: {fileID: -8679921383154817045, guid: 3a340a67f8b3ffa42948b5730e4fb0af, type: 3}
      propertyPath: m_LocalPosition.z
      value: 0
      objectReference: {fileID: 0}
    - target: {fileID: -8679921383154817045, guid: 3a340a67f8b3ffa42948b5730e4fb0af, type: 3}
      propertyPath: m_LocalRotation.x
      value: 0
      objectReference: {fileID: 0}
    - target: {fileID: -8679921383154817045, guid: 3a340a67f8b3ffa42948b5730e4fb0af, type: 3}
      propertyPath: m_LocalRotation.y
      value: 0.9999845
      objectReference: {fileID: 0}
    - target: {fileID: -8679921383154817045, guid: 3a340a67f8b3ffa42948b5730e4fb0af, type: 3}
      propertyPath: m_LocalRotation.z
      value: 0.0055675805
      objectReference: {fileID: 0}
    - target: {fileID: -8679921383154817045, guid: 3a340a67f8b3ffa42948b5730e4fb0af, type: 3}
      propertyPath: m_LocalRotation.w
      value: 0
      objectReference: {fileID: 0}
    - target: {fileID: -8679921383154817045, guid: 3a340a67f8b3ffa42948b5730e4fb0af, type: 3}
      propertyPath: m_RootOrder
      value: 0
      objectReference: {fileID: 0}
    - target: {fileID: -8679921383154817045, guid: 3a340a67f8b3ffa42948b5730e4fb0af, type: 3}
      propertyPath: m_LocalEulerAnglesHint.x
      value: -0.638
      objectReference: {fileID: 0}
    - target: {fileID: -8679921383154817045, guid: 3a340a67f8b3ffa42948b5730e4fb0af, type: 3}
      propertyPath: m_LocalEulerAnglesHint.y
      value: 180
      objectReference: {fileID: 0}
    - target: {fileID: -8679921383154817045, guid: 3a340a67f8b3ffa42948b5730e4fb0af, type: 3}
      propertyPath: m_LocalEulerAnglesHint.z
      value: 0
      objectReference: {fileID: 0}
    - target: {fileID: 919132149155446097, guid: 3a340a67f8b3ffa42948b5730e4fb0af, type: 3}
      propertyPath: m_Name
      value: 06.caves
      objectReference: {fileID: 0}
    m_RemovedComponents: []
  m_SourcePrefab: {fileID: 100100000, guid: 3a340a67f8b3ffa42948b5730e4fb0af, type: 3}
--- !u!4 &1720185571 stripped
Transform:
  m_CorrespondingSourceObject: {fileID: -8679921383154817045, guid: 3a340a67f8b3ffa42948b5730e4fb0af, type: 3}
  m_PrefabInstance: {fileID: 1720185570}
  m_PrefabAsset: {fileID: 0}
--- !u!1 &1720699049
GameObject:
  m_ObjectHideFlags: 0
  m_CorrespondingSourceObject: {fileID: 0}
  m_PrefabInstance: {fileID: 0}
  m_PrefabAsset: {fileID: 0}
  serializedVersion: 6
  m_Component:
  - component: {fileID: 1720699050}
  m_Layer: 0
  m_Name: Interactibles
  m_TagString: Untagged
  m_Icon: {fileID: 0}
  m_NavMeshLayer: 0
  m_StaticEditorFlags: 0
  m_IsActive: 1
--- !u!4 &1720699050
Transform:
  m_ObjectHideFlags: 0
  m_CorrespondingSourceObject: {fileID: 0}
  m_PrefabInstance: {fileID: 0}
  m_PrefabAsset: {fileID: 0}
  m_GameObject: {fileID: 1720699049}
  m_LocalRotation: {x: -0, y: -0, z: -0, w: 1}
  m_LocalPosition: {x: 0, y: 0, z: 0}
  m_LocalScale: {x: 1, y: 1, z: 1}
  m_Children:
  - {fileID: 728982499}
  - {fileID: 1594661279}
  - {fileID: 660679135}
  - {fileID: 1460624322}
  m_Father: {fileID: 635040512}
  m_RootOrder: 5
  m_LocalEulerAnglesHint: {x: 0, y: 0, z: 0}
--- !u!1001 &1728196200
PrefabInstance:
  m_ObjectHideFlags: 0
  serializedVersion: 2
  m_Modification:
    m_TransformParent: {fileID: 8789749840776585444}
    m_Modifications:
    - target: {fileID: 42037005395745857, guid: 4e572837fe5c9a649862bcb6ce2692e4, type: 3}
      propertyPath: m_Name
      value: FloatingDialog
      objectReference: {fileID: 0}
    - target: {fileID: 7810553141458867690, guid: 4e572837fe5c9a649862bcb6ce2692e4, type: 3}
      propertyPath: m_LocalPosition.x
      value: 0
      objectReference: {fileID: 0}
    - target: {fileID: 7810553141458867690, guid: 4e572837fe5c9a649862bcb6ce2692e4, type: 3}
      propertyPath: m_LocalPosition.y
      value: 0
      objectReference: {fileID: 0}
    - target: {fileID: 7810553141458867690, guid: 4e572837fe5c9a649862bcb6ce2692e4, type: 3}
      propertyPath: m_LocalPosition.z
      value: 0
      objectReference: {fileID: 0}
    - target: {fileID: 7810553141458867690, guid: 4e572837fe5c9a649862bcb6ce2692e4, type: 3}
      propertyPath: m_LocalRotation.x
      value: 0
      objectReference: {fileID: 0}
    - target: {fileID: 7810553141458867690, guid: 4e572837fe5c9a649862bcb6ce2692e4, type: 3}
      propertyPath: m_LocalRotation.y
      value: 0
      objectReference: {fileID: 0}
    - target: {fileID: 7810553141458867690, guid: 4e572837fe5c9a649862bcb6ce2692e4, type: 3}
      propertyPath: m_LocalRotation.z
      value: 0
      objectReference: {fileID: 0}
    - target: {fileID: 7810553141458867690, guid: 4e572837fe5c9a649862bcb6ce2692e4, type: 3}
      propertyPath: m_LocalRotation.w
      value: 1
      objectReference: {fileID: 0}
    - target: {fileID: 7810553141458867690, guid: 4e572837fe5c9a649862bcb6ce2692e4, type: 3}
      propertyPath: m_RootOrder
      value: 1
      objectReference: {fileID: 0}
    - target: {fileID: 7810553141458867690, guid: 4e572837fe5c9a649862bcb6ce2692e4, type: 3}
      propertyPath: m_LocalEulerAnglesHint.x
      value: 0
      objectReference: {fileID: 0}
    - target: {fileID: 7810553141458867690, guid: 4e572837fe5c9a649862bcb6ce2692e4, type: 3}
      propertyPath: m_LocalEulerAnglesHint.y
      value: 0
      objectReference: {fileID: 0}
    - target: {fileID: 7810553141458867690, guid: 4e572837fe5c9a649862bcb6ce2692e4, type: 3}
      propertyPath: m_LocalEulerAnglesHint.z
      value: 0
      objectReference: {fileID: 0}
    - target: {fileID: 7810553141458867690, guid: 4e572837fe5c9a649862bcb6ce2692e4, type: 3}
      propertyPath: m_AnchoredPosition.x
      value: 0
      objectReference: {fileID: 0}
    - target: {fileID: 7810553141458867690, guid: 4e572837fe5c9a649862bcb6ce2692e4, type: 3}
      propertyPath: m_AnchoredPosition.y
      value: 0
      objectReference: {fileID: 0}
    - target: {fileID: 7810553141458867690, guid: 4e572837fe5c9a649862bcb6ce2692e4, type: 3}
      propertyPath: m_SizeDelta.x
      value: -10
      objectReference: {fileID: 0}
    - target: {fileID: 7810553141458867690, guid: 4e572837fe5c9a649862bcb6ce2692e4, type: 3}
      propertyPath: m_SizeDelta.y
      value: -10
      objectReference: {fileID: 0}
    - target: {fileID: 7810553141458867690, guid: 4e572837fe5c9a649862bcb6ce2692e4, type: 3}
      propertyPath: m_AnchorMin.x
      value: 0
      objectReference: {fileID: 0}
    - target: {fileID: 7810553141458867690, guid: 4e572837fe5c9a649862bcb6ce2692e4, type: 3}
      propertyPath: m_AnchorMin.y
      value: 0
      objectReference: {fileID: 0}
    - target: {fileID: 7810553141458867690, guid: 4e572837fe5c9a649862bcb6ce2692e4, type: 3}
      propertyPath: m_AnchorMax.x
      value: 1
      objectReference: {fileID: 0}
    - target: {fileID: 7810553141458867690, guid: 4e572837fe5c9a649862bcb6ce2692e4, type: 3}
      propertyPath: m_AnchorMax.y
      value: 1
      objectReference: {fileID: 0}
    - target: {fileID: 7810553141458867690, guid: 4e572837fe5c9a649862bcb6ce2692e4, type: 3}
      propertyPath: m_Pivot.x
      value: 0.5
      objectReference: {fileID: 0}
    - target: {fileID: 7810553141458867690, guid: 4e572837fe5c9a649862bcb6ce2692e4, type: 3}
      propertyPath: m_Pivot.y
      value: 0.5
      objectReference: {fileID: 0}
    m_RemovedComponents: []
  m_SourcePrefab: {fileID: 100100000, guid: 4e572837fe5c9a649862bcb6ce2692e4, type: 3}
--- !u!114 &1728196201 stripped
MonoBehaviour:
  m_CorrespondingSourceObject: {fileID: 1008564573026708945, guid: 4e572837fe5c9a649862bcb6ce2692e4, type: 3}
  m_PrefabInstance: {fileID: 1728196200}
  m_PrefabAsset: {fileID: 0}
  m_GameObject: {fileID: 0}
  m_Enabled: 1
  m_EditorHideFlags: 0
  m_Script: {fileID: 11500000, guid: f6f9756bcfa00194a83e3295d3cb0672, type: 3}
  m_Name: 
  m_EditorClassIdentifier: 
--- !u!224 &1728196202 stripped
RectTransform:
  m_CorrespondingSourceObject: {fileID: 7810553141458867690, guid: 4e572837fe5c9a649862bcb6ce2692e4, type: 3}
  m_PrefabInstance: {fileID: 1728196200}
  m_PrefabAsset: {fileID: 0}
--- !u!1 &654011043868524539
GameObject:
  m_ObjectHideFlags: 0
  m_CorrespondingSourceObject: {fileID: 0}
  m_PrefabInstance: {fileID: 0}
  m_PrefabAsset: {fileID: 0}
  serializedVersion: 6
  m_Component:
  - component: {fileID: 8917048646142562815}
  m_Layer: 0
  m_Name: Timelines
  m_TagString: Untagged
  m_Icon: {fileID: 0}
  m_NavMeshLayer: 0
  m_StaticEditorFlags: 0
  m_IsActive: 1
--- !u!1 &686270066230915629
GameObject:
  m_ObjectHideFlags: 0
  m_CorrespondingSourceObject: {fileID: 0}
  m_PrefabInstance: {fileID: 0}
  m_PrefabAsset: {fileID: 0}
  serializedVersion: 6
  m_Component:
  - component: {fileID: 5564783084551882761}
  m_Layer: 0
  m_Name: Cameras
  m_TagString: Untagged
  m_Icon: {fileID: 0}
  m_NavMeshLayer: 0
  m_StaticEditorFlags: 0
  m_IsActive: 1
--- !u!114 &1904351539064942992
MonoBehaviour:
  m_ObjectHideFlags: 0
  m_CorrespondingSourceObject: {fileID: 0}
  m_PrefabInstance: {fileID: 0}
  m_PrefabAsset: {fileID: 0}
  m_GameObject: {fileID: 3036470369028826793}
  m_Enabled: 1
  m_EditorHideFlags: 0
  m_Script: {fileID: 11500000, guid: 0cd44c1031e13a943bb63640046fad76, type: 3}
  m_Name: 
  m_EditorClassIdentifier: 
  m_UiScaleMode: 0
  m_ReferencePixelsPerUnit: 100
  m_ScaleFactor: 1
  m_ReferenceResolution: {x: 800, y: 600}
  m_ScreenMatchMode: 0
  m_MatchWidthOrHeight: 0
  m_PhysicalUnit: 3
  m_FallbackScreenDPI: 96
  m_DefaultSpriteDPI: 96
  m_DynamicPixelsPerUnit: 1
--- !u!1 &3036470369028826793
GameObject:
  m_ObjectHideFlags: 0
  m_CorrespondingSourceObject: {fileID: 0}
  m_PrefabInstance: {fileID: 0}
  m_PrefabAsset: {fileID: 0}
  serializedVersion: 6
  m_Component:
  - component: {fileID: 8789749840776585444}
  - component: {fileID: 3451031875577319188}
  - component: {fileID: 1904351539064942992}
  - component: {fileID: 8821472828501578849}
  m_Layer: 5
  m_Name: Dialogs
  m_TagString: Untagged
  m_Icon: {fileID: 0}
  m_NavMeshLayer: 0
  m_StaticEditorFlags: 0
  m_IsActive: 1
--- !u!223 &3451031875577319188
Canvas:
  m_ObjectHideFlags: 0
  m_CorrespondingSourceObject: {fileID: 0}
  m_PrefabInstance: {fileID: 0}
  m_PrefabAsset: {fileID: 0}
  m_GameObject: {fileID: 3036470369028826793}
  m_Enabled: 1
  serializedVersion: 3
  m_RenderMode: 0
  m_Camera: {fileID: 0}
  m_PlaneDistance: 100
  m_PixelPerfect: 0
  m_ReceivesEvents: 1
  m_OverrideSorting: 0
  m_OverridePixelPerfect: 0
  m_SortingBucketNormalizedSize: 0
  m_AdditionalShaderChannelsFlag: 25
  m_SortingLayerID: 0
  m_SortingOrder: 1
  m_TargetDisplay: 0
--- !u!1 &5494532654229919416
GameObject:
  m_ObjectHideFlags: 0
  m_CorrespondingSourceObject: {fileID: 0}
  m_PrefabInstance: {fileID: 0}
  m_PrefabAsset: {fileID: 0}
  serializedVersion: 6
  m_Component:
  - component: {fileID: 5494532654229919419}
  m_Layer: 0
  m_Name: Environment
  m_TagString: Untagged
  m_Icon: {fileID: 0}
  m_NavMeshLayer: 0
  m_StaticEditorFlags: 0
  m_IsActive: 1
--- !u!4 &5494532654229919419
Transform:
  m_ObjectHideFlags: 0
  m_CorrespondingSourceObject: {fileID: 0}
  m_PrefabInstance: {fileID: 0}
  m_PrefabAsset: {fileID: 0}
  m_GameObject: {fileID: 5494532654229919416}
  m_LocalRotation: {x: 0, y: 0, z: 0, w: 1}
  m_LocalPosition: {x: 0, y: 0, z: 0}
  m_LocalScale: {x: 1, y: 1, z: 1}
  m_Children:
  - {fileID: 1720185571}
  m_Father: {fileID: 635040512}
  m_RootOrder: 3
  m_LocalEulerAnglesHint: {x: 0, y: 0, z: 0}
--- !u!4 &5564783084551882761
Transform:
  m_ObjectHideFlags: 0
  m_CorrespondingSourceObject: {fileID: 0}
  m_PrefabInstance: {fileID: 0}
  m_PrefabAsset: {fileID: 0}
  m_GameObject: {fileID: 686270066230915629}
  m_LocalRotation: {x: 0, y: 0, z: 0, w: 1}
  m_LocalPosition: {x: 0, y: 0, z: 0}
  m_LocalScale: {x: 1, y: 1, z: 1}
  m_Children:
  - {fileID: 1525868703}
  m_Father: {fileID: 635040512}
  m_RootOrder: 4
  m_LocalEulerAnglesHint: {x: 0, y: 0, z: 0}
--- !u!1001 &7190180732333233646
PrefabInstance:
  m_ObjectHideFlags: 0
  serializedVersion: 2
  m_Modification:
    m_TransformParent: {fileID: 0}
    m_Modifications:
    - target: {fileID: 236134016334615936, guid: 7b0c4716ff519494e9263f5108f22b5c, type: 3}
      propertyPath: m_CustomSkybox
      value: 
      objectReference: {fileID: 2100000, guid: 100f5acf4ea8c0c4daef08166dce8cae, type: 2}
    - target: {fileID: 3020294755745540613, guid: 7b0c4716ff519494e9263f5108f22b5c, type: 3}
      propertyPath: m_LocalRotation.x
      value: 0.14902133
      objectReference: {fileID: 0}
    - target: {fileID: 3020294755745540613, guid: 7b0c4716ff519494e9263f5108f22b5c, type: 3}
      propertyPath: m_LocalRotation.y
      value: 0.38934
      objectReference: {fileID: 0}
    - target: {fileID: 3020294755745540613, guid: 7b0c4716ff519494e9263f5108f22b5c, type: 3}
      propertyPath: m_LocalRotation.z
      value: -0.06398996
      objectReference: {fileID: 0}
    - target: {fileID: 3020294755745540613, guid: 7b0c4716ff519494e9263f5108f22b5c, type: 3}
      propertyPath: m_LocalRotation.w
      value: 0.9067041
      objectReference: {fileID: 0}
    - target: {fileID: 6244574719703707034, guid: 7b0c4716ff519494e9263f5108f22b5c, type: 3}
      propertyPath: story
      value: 
      objectReference: {fileID: 635040513}
    - target: {fileID: 6957584118254143909, guid: 7b0c4716ff519494e9263f5108f22b5c, type: 3}
      propertyPath: m_Name
      value: StorySceneManager
      objectReference: {fileID: 0}
    - target: {fileID: 6957584118254143911, guid: 7b0c4716ff519494e9263f5108f22b5c, type: 3}
      propertyPath: m_LocalPosition.x
      value: 0
      objectReference: {fileID: 0}
    - target: {fileID: 6957584118254143911, guid: 7b0c4716ff519494e9263f5108f22b5c, type: 3}
      propertyPath: m_LocalPosition.y
      value: 0
      objectReference: {fileID: 0}
    - target: {fileID: 6957584118254143911, guid: 7b0c4716ff519494e9263f5108f22b5c, type: 3}
      propertyPath: m_LocalPosition.z
      value: 0
      objectReference: {fileID: 0}
    - target: {fileID: 6957584118254143911, guid: 7b0c4716ff519494e9263f5108f22b5c, type: 3}
      propertyPath: m_LocalRotation.x
      value: 0
      objectReference: {fileID: 0}
    - target: {fileID: 6957584118254143911, guid: 7b0c4716ff519494e9263f5108f22b5c, type: 3}
      propertyPath: m_LocalRotation.y
      value: 0
      objectReference: {fileID: 0}
    - target: {fileID: 6957584118254143911, guid: 7b0c4716ff519494e9263f5108f22b5c, type: 3}
      propertyPath: m_LocalRotation.z
      value: 0
      objectReference: {fileID: 0}
    - target: {fileID: 6957584118254143911, guid: 7b0c4716ff519494e9263f5108f22b5c, type: 3}
      propertyPath: m_LocalRotation.w
      value: 1
      objectReference: {fileID: 0}
    - target: {fileID: 6957584118254143911, guid: 7b0c4716ff519494e9263f5108f22b5c, type: 3}
      propertyPath: m_RootOrder
      value: 0
      objectReference: {fileID: 0}
    - target: {fileID: 6957584118254143911, guid: 7b0c4716ff519494e9263f5108f22b5c, type: 3}
      propertyPath: m_LocalEulerAnglesHint.x
      value: 0
      objectReference: {fileID: 0}
    - target: {fileID: 6957584118254143911, guid: 7b0c4716ff519494e9263f5108f22b5c, type: 3}
      propertyPath: m_LocalEulerAnglesHint.y
      value: 0
      objectReference: {fileID: 0}
    - target: {fileID: 6957584118254143911, guid: 7b0c4716ff519494e9263f5108f22b5c, type: 3}
      propertyPath: m_LocalEulerAnglesHint.z
      value: 0
      objectReference: {fileID: 0}
    - target: {fileID: 6957584119850483860, guid: 7b0c4716ff519494e9263f5108f22b5c, type: 3}
      propertyPath: near clip plane
      value: 0.001
      objectReference: {fileID: 0}
    - target: {fileID: 6957584119850483861, guid: 7b0c4716ff519494e9263f5108f22b5c, type: 3}
      propertyPath: m_LocalRotation.x
      value: -0.0035430337
      objectReference: {fileID: 0}
    - target: {fileID: 6957584119850483861, guid: 7b0c4716ff519494e9263f5108f22b5c, type: 3}
      propertyPath: m_LocalRotation.y
      value: -0.8672782
      objectReference: {fileID: 0}
    - target: {fileID: 6957584119850483861, guid: 7b0c4716ff519494e9263f5108f22b5c, type: 3}
      propertyPath: m_LocalRotation.z
      value: 0.49748752
      objectReference: {fileID: 0}
    - target: {fileID: 6957584119850483861, guid: 7b0c4716ff519494e9263f5108f22b5c, type: 3}
      propertyPath: m_LocalRotation.w
      value: 0.017950445
      objectReference: {fileID: 0}
    - target: {fileID: 6957584119850483861, guid: 7b0c4716ff519494e9263f5108f22b5c, type: 3}
      propertyPath: m_LocalPosition.x
      value: -1.8799686
      objectReference: {fileID: 0}
    - target: {fileID: 6957584119850483861, guid: 7b0c4716ff519494e9263f5108f22b5c, type: 3}
      propertyPath: m_LocalPosition.y
      value: 35.529327
      objectReference: {fileID: 0}
    - target: {fileID: 6957584119850483861, guid: 7b0c4716ff519494e9263f5108f22b5c, type: 3}
      propertyPath: m_LocalPosition.z
      value: 41.20498
      objectReference: {fileID: 0}
    - target: {fileID: 6957584119850483861, guid: 7b0c4716ff519494e9263f5108f22b5c, type: 3}
      propertyPath: m_LocalEulerAnglesHint.y
      value: -72.123
      objectReference: {fileID: 0}
    - target: {fileID: 6957584119850483861, guid: 7b0c4716ff519494e9263f5108f22b5c, type: 3}
      propertyPath: m_LocalEulerAnglesHint.z
      value: 0
      objectReference: {fileID: 0}
    - target: {fileID: 6957584119850483861, guid: 7b0c4716ff519494e9263f5108f22b5c, type: 3}
      propertyPath: m_LocalEulerAnglesHint.x
      value: 21.93
      objectReference: {fileID: 0}
    m_RemovedComponents: []
  m_SourcePrefab: {fileID: 100100000, guid: 7b0c4716ff519494e9263f5108f22b5c, type: 3}
--- !u!224 &8789749840776585444
RectTransform:
  m_ObjectHideFlags: 0
  m_CorrespondingSourceObject: {fileID: 0}
  m_PrefabInstance: {fileID: 0}
  m_PrefabAsset: {fileID: 0}
  m_GameObject: {fileID: 3036470369028826793}
  m_LocalRotation: {x: 0, y: 0, z: 0, w: 1}
  m_LocalPosition: {x: 0, y: 0, z: 0}
  m_LocalScale: {x: 0, y: 0, z: 0}
  m_Children:
  - {fileID: 1594236127}
  - {fileID: 1728196202}
  m_Father: {fileID: 635040512}
  m_RootOrder: 0
  m_LocalEulerAnglesHint: {x: 0, y: 0, z: 0}
  m_AnchorMin: {x: 0, y: 0}
  m_AnchorMax: {x: 0, y: 0}
  m_AnchoredPosition: {x: 0, y: 0}
  m_SizeDelta: {x: 0, y: 0}
  m_Pivot: {x: 0, y: 0}
--- !u!114 &8821472828501578849
MonoBehaviour:
  m_ObjectHideFlags: 0
  m_CorrespondingSourceObject: {fileID: 0}
  m_PrefabInstance: {fileID: 0}
  m_PrefabAsset: {fileID: 0}
  m_GameObject: {fileID: 3036470369028826793}
  m_Enabled: 1
  m_EditorHideFlags: 0
  m_Script: {fileID: 11500000, guid: dc42784cf147c0c48a680349fa168899, type: 3}
  m_Name: 
  m_EditorClassIdentifier: 
  m_IgnoreReversedGraphics: 1
  m_BlockingObjects: 0
  m_BlockingMask:
    serializedVersion: 2
    m_Bits: 4294967295
--- !u!4 &8917048646142562815
Transform:
  m_ObjectHideFlags: 0
  m_CorrespondingSourceObject: {fileID: 0}
  m_PrefabInstance: {fileID: 0}
  m_PrefabAsset: {fileID: 0}
  m_GameObject: {fileID: 654011043868524539}
  m_LocalRotation: {x: 0.7071068, y: -0, z: -0, w: 0.7071068}
  m_LocalPosition: {x: 0.1, y: 0, z: 0}
  m_LocalScale: {x: 1, y: 0.99999976, z: 0.99999976}
  m_Children: []
  m_Father: {fileID: 635040512}
  m_RootOrder: 2
  m_LocalEulerAnglesHint: {x: 0, y: 0, z: 0}
