%YAML 1.1
%TAG !u! tag:unity3d.com,2011:
--- !u!29 &1
OcclusionCullingSettings:
  m_ObjectHideFlags: 0
  serializedVersion: 2
  m_OcclusionBakeSettings:
    smallestOccluder: 5
    smallestHole: 0.25
    backfaceThreshold: 100
  m_SceneGUID: 00000000000000000000000000000000
  m_OcclusionCullingData: {fileID: 0}
--- !u!104 &2
RenderSettings:
  m_ObjectHideFlags: 0
  serializedVersion: 9
  m_Fog: 0
  m_FogColor: {r: 0.5, g: 0.5, b: 0.5, a: 1}
  m_FogMode: 3
  m_FogDensity: 0.01
  m_LinearFogStart: 0
  m_LinearFogEnd: 300
  m_AmbientSkyColor: {r: 0.212, g: 0.227, b: 0.259, a: 1}
  m_AmbientEquatorColor: {r: 0.114, g: 0.125, b: 0.133, a: 1}
  m_AmbientGroundColor: {r: 0.047, g: 0.043, b: 0.035, a: 1}
  m_AmbientIntensity: 1
  m_AmbientMode: 0
  m_SubtractiveShadowColor: {r: 0.42, g: 0.478, b: 0.627, a: 1}
  m_SkyboxMaterial: {fileID: 2100000, guid: 7873b005a0587004b9f597c9625bae4e, type: 2}
  m_HaloStrength: 0.5
  m_FlareStrength: 1
  m_FlareFadeSpeed: 3
  m_HaloTexture: {fileID: 0}
  m_SpotCookie: {fileID: 10001, guid: 0000000000000000e000000000000000, type: 0}
  m_DefaultReflectionMode: 0
  m_DefaultReflectionResolution: 128
  m_ReflectionBounces: 1
  m_ReflectionIntensity: 1
  m_CustomReflection: {fileID: 0}
  m_Sun: {fileID: 0}
  m_IndirectSpecularColor: {r: 0, g: 0, b: 0, a: 1}
  m_UseRadianceAmbientProbe: 0
--- !u!157 &3
LightmapSettings:
  m_ObjectHideFlags: 0
  serializedVersion: 12
  m_GIWorkflowMode: 1
  m_GISettings:
    serializedVersion: 2
    m_BounceScale: 1
    m_IndirectOutputScale: 1
    m_AlbedoBoost: 1
    m_EnvironmentLightingMode: 0
    m_EnableBakedLightmaps: 1
    m_EnableRealtimeLightmaps: 0
  m_LightmapEditorSettings:
    serializedVersion: 12
    m_Resolution: 2
    m_BakeResolution: 40
    m_AtlasSize: 1024
    m_AO: 0
    m_AOMaxDistance: 1
    m_CompAOExponent: 1
    m_CompAOExponentDirect: 0
    m_ExtractAmbientOcclusion: 0
    m_Padding: 2
    m_LightmapParameters: {fileID: 0}
    m_LightmapsBakeMode: 1
    m_TextureCompression: 1
    m_FinalGather: 0
    m_FinalGatherFiltering: 1
    m_FinalGatherRayCount: 256
    m_ReflectionCompression: 2
    m_MixedBakeMode: 2
    m_BakeBackend: 1
    m_PVRSampling: 1
    m_PVRDirectSampleCount: 32
    m_PVRSampleCount: 512
    m_PVRBounces: 2
    m_PVREnvironmentSampleCount: 256
    m_PVREnvironmentReferencePointCount: 2048
    m_PVRFilteringMode: 1
    m_PVRDenoiserTypeDirect: 1
    m_PVRDenoiserTypeIndirect: 1
    m_PVRDenoiserTypeAO: 1
    m_PVRFilterTypeDirect: 0
    m_PVRFilterTypeIndirect: 0
    m_PVRFilterTypeAO: 0
    m_PVREnvironmentMIS: 1
    m_PVRCulling: 1
    m_PVRFilteringGaussRadiusDirect: 1
    m_PVRFilteringGaussRadiusIndirect: 5
    m_PVRFilteringGaussRadiusAO: 2
    m_PVRFilteringAtrousPositionSigmaDirect: 0.5
    m_PVRFilteringAtrousPositionSigmaIndirect: 2
    m_PVRFilteringAtrousPositionSigmaAO: 1
    m_ExportTrainingData: 0
    m_TrainingDataDestination: TrainingData
    m_LightProbeSampleCountMultiplier: 4
  m_LightingDataAsset: {fileID: 0}
  m_LightingSettings: {fileID: 0}
--- !u!196 &4
NavMeshSettings:
  serializedVersion: 2
  m_ObjectHideFlags: 0
  m_BuildSettings:
    serializedVersion: 2
    agentTypeID: 0
    agentRadius: 0.5
    agentHeight: 2
    agentSlope: 45
    agentClimb: 0.4
    ledgeDropHeight: 0
    maxJumpAcrossDistance: 0
    minRegionArea: 2
    manualCellSize: 0
    cellSize: 0.16666667
    manualTileSize: 0
    tileSize: 256
    accuratePlacement: 0
    maxJobWorkers: 0
    preserveTilesOutsideBounds: 0
    debug:
      m_Flags: 0
  m_NavMeshData: {fileID: 0}
--- !u!1 &25658686
GameObject:
  m_ObjectHideFlags: 0
  m_CorrespondingSourceObject: {fileID: 0}
  m_PrefabInstance: {fileID: 0}
  m_PrefabAsset: {fileID: 0}
  serializedVersion: 6
  m_Component:
  - component: {fileID: 25658688}
  - component: {fileID: 25658687}
  m_Layer: 0
  m_Name: Directional Light
  m_TagString: Untagged
  m_Icon: {fileID: 0}
  m_NavMeshLayer: 0
  m_StaticEditorFlags: 0
  m_IsActive: 1
--- !u!108 &25658687
Light:
  m_ObjectHideFlags: 0
  m_CorrespondingSourceObject: {fileID: 0}
  m_PrefabInstance: {fileID: 0}
  m_PrefabAsset: {fileID: 0}
  m_GameObject: {fileID: 25658686}
  m_Enabled: 1
  serializedVersion: 10
  m_Type: 1
  m_Shape: 0
  m_Color: {r: 1, g: 0.95686275, b: 0.8392157, a: 1}
  m_Intensity: 1
  m_Range: 10
  m_SpotAngle: 30
  m_InnerSpotAngle: 21.80208
  m_CookieSize: 10
  m_Shadows:
    m_Type: 2
    m_Resolution: -1
    m_CustomResolution: -1
    m_Strength: 1
    m_Bias: 0.05
    m_NormalBias: 0.4
    m_NearPlane: 0.2
    m_CullingMatrixOverride:
      e00: 1
      e01: 0
      e02: 0
      e03: 0
      e10: 0
      e11: 1
      e12: 0
      e13: 0
      e20: 0
      e21: 0
      e22: 1
      e23: 0
      e30: 0
      e31: 0
      e32: 0
      e33: 1
    m_UseCullingMatrixOverride: 0
  m_Cookie: {fileID: 0}
  m_DrawHalo: 0
  m_Flare: {fileID: 0}
  m_RenderMode: 0
  m_CullingMask:
    serializedVersion: 2
    m_Bits: 4294967295
  m_RenderingLayerMask: 1
  m_Lightmapping: 4
  m_LightShadowCasterMode: 0
  m_AreaSize: {x: 1, y: 1}
  m_BounceIntensity: 1
  m_ColorTemperature: 6570
  m_UseColorTemperature: 0
  m_BoundingSphereOverride: {x: 0, y: 0, z: 0, w: 0}
  m_UseBoundingSphereOverride: 0
  m_ShadowRadius: 0
  m_ShadowAngle: 0
--- !u!4 &25658688
Transform:
  m_ObjectHideFlags: 0
  m_CorrespondingSourceObject: {fileID: 0}
  m_PrefabInstance: {fileID: 0}
  m_PrefabAsset: {fileID: 0}
  m_GameObject: {fileID: 25658686}
  m_LocalRotation: {x: 0.076335765, y: -0.3270734, z: 0.90877926, w: -0.24762073}
  m_LocalPosition: {x: 0.1, y: 0, z: 3}
  m_LocalScale: {x: 1, y: 1, z: 1}
  m_Children: []
  m_Father: {fileID: 635040512}
  m_RootOrder: 1
  m_LocalEulerAnglesHint: {x: 146.174, y: -158.77701, z: 37.003998}
--- !u!224 &407711116 stripped
RectTransform:
  m_CorrespondingSourceObject: {fileID: 2273966454657199766, guid: b32a54baf2a6fc540917b3cf3f44b1bc, type: 3}
  m_PrefabInstance: {fileID: 2273966454786360090}
  m_PrefabAsset: {fileID: 0}
--- !u!4 &501752169 stripped
Transform:
  m_CorrespondingSourceObject: {fileID: 1112801073274290695, guid: df0695fce6ed51a4e81ed89761a4d684, type: 3}
  m_PrefabInstance: {fileID: 960381839}
  m_PrefabAsset: {fileID: 0}
--- !u!1 &524378611
GameObject:
  m_ObjectHideFlags: 3
  m_CorrespondingSourceObject: {fileID: 0}
  m_PrefabInstance: {fileID: 0}
  m_PrefabAsset: {fileID: 0}
  serializedVersion: 6
  m_Component:
  - component: {fileID: 524378612}
  - component: {fileID: 524378615}
  - component: {fileID: 524378614}
  - component: {fileID: 524378613}
  m_Layer: 0
  m_Name: cm
  m_TagString: Untagged
  m_Icon: {fileID: 0}
  m_NavMeshLayer: 0
  m_StaticEditorFlags: 0
  m_IsActive: 1
--- !u!4 &524378612
Transform:
  m_ObjectHideFlags: 3
  m_CorrespondingSourceObject: {fileID: 0}
  m_PrefabInstance: {fileID: 0}
  m_PrefabAsset: {fileID: 0}
  m_GameObject: {fileID: 524378611}
  m_LocalRotation: {x: 0.09741015, y: 0.8879529, z: -0.22096856, w: -0.39143822}
  m_LocalPosition: {x: 1.0989304, y: -1.2776132, z: 22.446033}
  m_LocalScale: {x: 1, y: 1, z: 1}
  m_Children: []
  m_Father: {fileID: 1525868703}
  m_RootOrder: 0
  m_LocalEulerAnglesHint: {x: 0, y: 0, z: 0}
--- !u!114 &524378613
MonoBehaviour:
  m_ObjectHideFlags: 3
  m_CorrespondingSourceObject: {fileID: 0}
  m_PrefabInstance: {fileID: 0}
  m_PrefabAsset: {fileID: 0}
  m_GameObject: {fileID: 524378611}
  m_Enabled: 1
  m_EditorHideFlags: 0
  m_Script: {fileID: 11500000, guid: fa7155796051b734daa718462081dc5f, type: 3}
  m_Name: 
  m_EditorClassIdentifier: 
  m_BindingMode: 1
  m_FollowOffset: {x: 0, y: 0, z: -10}
  m_XDamping: 1
  m_YDamping: 1
  m_ZDamping: 1
  m_AngularDampingMode: 0
  m_PitchDamping: 0
  m_YawDamping: 0
  m_RollDamping: 0
  m_AngularDamping: 0
--- !u!114 &524378614
MonoBehaviour:
  m_ObjectHideFlags: 3
  m_CorrespondingSourceObject: {fileID: 0}
  m_PrefabInstance: {fileID: 0}
  m_PrefabAsset: {fileID: 0}
  m_GameObject: {fileID: 524378611}
  m_Enabled: 1
  m_EditorHideFlags: 0
  m_Script: {fileID: 11500000, guid: f4044717213e31446939f7bd49c896ea, type: 3}
  m_Name: 
  m_EditorClassIdentifier: 
  m_TrackedObjectOffset: {x: 0, y: 0, z: 0}
  m_LookaheadTime: 0
  m_LookaheadSmoothing: 0
  m_LookaheadIgnoreY: 0
  m_HorizontalDamping: 0.5
  m_VerticalDamping: 0.5
  m_ScreenX: 0.5
  m_ScreenY: 0.5
  m_DeadZoneWidth: 0
  m_DeadZoneHeight: 0
  m_SoftZoneWidth: 0.8
  m_SoftZoneHeight: 0.8
  m_BiasX: 0
  m_BiasY: 0
  m_CenterOnActivate: 1
--- !u!114 &524378615
MonoBehaviour:
  m_ObjectHideFlags: 3
  m_CorrespondingSourceObject: {fileID: 0}
  m_PrefabInstance: {fileID: 0}
  m_PrefabAsset: {fileID: 0}
  m_GameObject: {fileID: 524378611}
  m_Enabled: 1
  m_EditorHideFlags: 0
  m_Script: {fileID: 11500000, guid: ac0b09e7857660247b1477e93731de29, type: 3}
  m_Name: 
  m_EditorClassIdentifier: 
--- !u!1 &635040511
GameObject:
  m_ObjectHideFlags: 0
  m_CorrespondingSourceObject: {fileID: 0}
  m_PrefabInstance: {fileID: 0}
  m_PrefabAsset: {fileID: 0}
  serializedVersion: 6
  m_Component:
  - component: {fileID: 635040512}
  - component: {fileID: 635040514}
  - component: {fileID: 635040513}
  m_Layer: 0
  m_Name: 06.Ravine
  m_TagString: Untagged
  m_Icon: {fileID: 0}
  m_NavMeshLayer: 0
  m_StaticEditorFlags: 0
  m_IsActive: 1
--- !u!4 &635040512
Transform:
  m_ObjectHideFlags: 0
  m_CorrespondingSourceObject: {fileID: 0}
  m_PrefabInstance: {fileID: 0}
  m_PrefabAsset: {fileID: 0}
  m_GameObject: {fileID: 635040511}
  m_LocalRotation: {x: 0, y: 0, z: 0, w: 1}
  m_LocalPosition: {x: 0, y: 0, z: 0}
  m_LocalScale: {x: 1, y: 1, z: 1}
  m_Children:
  - {fileID: 8789749840776585444}
  - {fileID: 25658688}
  - {fileID: 8917048646142562815}
  - {fileID: 5494532654229919419}
  - {fileID: 5564783084551882761}
  - {fileID: 1720699050}
  - {fileID: 501752169}
  m_Father: {fileID: 0}
  m_RootOrder: 1
  m_LocalEulerAnglesHint: {x: 0, y: 0, z: 0}
--- !u!114 &635040513
MonoBehaviour:
  m_ObjectHideFlags: 0
  m_CorrespondingSourceObject: {fileID: 0}
  m_PrefabInstance: {fileID: 0}
  m_PrefabAsset: {fileID: 0}
  m_GameObject: {fileID: 635040511}
  m_Enabled: 1
  m_EditorHideFlags: 0
  m_Script: {fileID: 11500000, guid: a3dfbfa916c8fd049b500a0fd53d9cb8, type: 3}
  m_Name: 
  m_EditorClassIdentifier: 
  dialog: {fileID: 5231416927682578080}
  firstDialog: {fileID: 4900000, guid: 05e376d8e2c57f84c90ddf6150ede737, type: 3}
--- !u!82 &635040514
AudioSource:
  m_ObjectHideFlags: 0
  m_CorrespondingSourceObject: {fileID: 0}
  m_PrefabInstance: {fileID: 0}
  m_PrefabAsset: {fileID: 0}
  m_GameObject: {fileID: 635040511}
  m_Enabled: 1
  serializedVersion: 4
  OutputAudioMixerGroup: {fileID: -3458814825813928788, guid: f1708f28dfeb26241920768a0880f2f8, type: 2}
  m_audioClip: {fileID: 0}
  m_PlayOnAwake: 1
  m_Volume: 0.5
  m_Pitch: 1
  Loop: 0
  Mute: 0
  Spatialize: 0
  SpatializePostEffects: 0
  Priority: 128
  DopplerLevel: 1
  MinDistance: 1
  MaxDistance: 500
  Pan2D: 0
  rolloffMode: 0
  BypassEffects: 0
  BypassListenerEffects: 0
  BypassReverbZones: 0
  rolloffCustomCurve:
    serializedVersion: 2
    m_Curve:
    - serializedVersion: 3
      time: 0
      value: 1
      inSlope: 0
      outSlope: 0
      tangentMode: 0
      weightedMode: 0
      inWeight: 0.33333334
      outWeight: 0.33333334
    - serializedVersion: 3
      time: 1
      value: 0
      inSlope: 0
      outSlope: 0
      tangentMode: 0
      weightedMode: 0
      inWeight: 0.33333334
      outWeight: 0.33333334
    m_PreInfinity: 2
    m_PostInfinity: 2
    m_RotationOrder: 4
  panLevelCustomCurve:
    serializedVersion: 2
    m_Curve:
    - serializedVersion: 3
      time: 0
      value: 0
      inSlope: 0
      outSlope: 0
      tangentMode: 0
      weightedMode: 0
      inWeight: 0.33333334
      outWeight: 0.33333334
    m_PreInfinity: 2
    m_PostInfinity: 2
    m_RotationOrder: 4
  spreadCustomCurve:
    serializedVersion: 2
    m_Curve:
    - serializedVersion: 3
      time: 0
      value: 0
      inSlope: 0
      outSlope: 0
      tangentMode: 0
      weightedMode: 0
      inWeight: 0.33333334
      outWeight: 0.33333334
    m_PreInfinity: 2
    m_PostInfinity: 2
    m_RotationOrder: 4
  reverbZoneMixCustomCurve:
    serializedVersion: 2
    m_Curve:
    - serializedVersion: 3
      time: 0
      value: 1
      inSlope: 0
      outSlope: 0
      tangentMode: 0
      weightedMode: 0
      inWeight: 0.33333334
      outWeight: 0.33333334
    m_PreInfinity: 2
    m_PostInfinity: 2
    m_RotationOrder: 4
--- !u!1 &728982498
GameObject:
  m_ObjectHideFlags: 0
  m_CorrespondingSourceObject: {fileID: 0}
  m_PrefabInstance: {fileID: 0}
  m_PrefabAsset: {fileID: 0}
  serializedVersion: 6
  m_Component:
  - component: {fileID: 728982499}
  - component: {fileID: 728982501}
  - component: {fileID: 728982500}
  m_Layer: 8
  m_Name: TravelToCaves
  m_TagString: Untagged
  m_Icon: {fileID: 0}
  m_NavMeshLayer: 0
  m_StaticEditorFlags: 4294967295
  m_IsActive: 1
--- !u!4 &728982499
Transform:
  m_ObjectHideFlags: 0
  m_CorrespondingSourceObject: {fileID: 0}
  m_PrefabInstance: {fileID: 0}
  m_PrefabAsset: {fileID: 0}
  m_GameObject: {fileID: 728982498}
  m_LocalRotation: {x: 0, y: 0, z: 0, w: 1}
  m_LocalPosition: {x: -0.66, y: 0, z: -9.88}
  m_LocalScale: {x: 1, y: 1, z: 1}
  m_Children: []
  m_Father: {fileID: 1720699050}
  m_RootOrder: 0
  m_LocalEulerAnglesHint: {x: 0, y: 0, z: 0}
--- !u!65 &728982500
BoxCollider:
  m_ObjectHideFlags: 0
  m_CorrespondingSourceObject: {fileID: 0}
  m_PrefabInstance: {fileID: 0}
  m_PrefabAsset: {fileID: 0}
  m_GameObject: {fileID: 728982498}
  m_Material: {fileID: 0}
  m_IsTrigger: 0
  m_Enabled: 1
  serializedVersion: 2
  m_Size: {x: 14.968567, y: 7.5439243, z: 3.335722}
  m_Center: {x: 0.03078556, y: -0.808238, z: 0.11726284}
--- !u!114 &728982501
MonoBehaviour:
  m_ObjectHideFlags: 0
  m_CorrespondingSourceObject: {fileID: 0}
  m_PrefabInstance: {fileID: 0}
  m_PrefabAsset: {fileID: 0}
  m_GameObject: {fileID: 728982498}
  m_Enabled: 1
  m_EditorHideFlags: 0
  m_Script: {fileID: 11500000, guid: 95aea3414aba60747a1e0b56cc1e028d, type: 3}
  m_Name: 
  m_EditorClassIdentifier: 
  hintText: Travel to Caves
  cursorIcon: {fileID: 0}
  cursorColor: {r: 1, g: 1, b: 1, a: 1}
  hasSceneTransition: 1
  targetScene: 5
  hasDialog: 0
  dialog: {fileID: 0}
  dialogLines: {fileID: 0}
  hasSignal: 0
  story: {fileID: 0}
  data: 
  hasProgressFlag: 0
  flag: 0
  isSet: 1
  hideIfSet: 1
--- !u!1001 &960381839
PrefabInstance:
  m_ObjectHideFlags: 0
  serializedVersion: 2
  m_Modification:
    m_TransformParent: {fileID: 635040512}
    m_Modifications:
    - target: {fileID: 1112801073274290695, guid: df0695fce6ed51a4e81ed89761a4d684, type: 3}
      propertyPath: m_LocalPosition.x
      value: -9.79
      objectReference: {fileID: 0}
    - target: {fileID: 1112801073274290695, guid: df0695fce6ed51a4e81ed89761a4d684, type: 3}
      propertyPath: m_LocalPosition.y
      value: 10.74
      objectReference: {fileID: 0}
    - target: {fileID: 1112801073274290695, guid: df0695fce6ed51a4e81ed89761a4d684, type: 3}
      propertyPath: m_LocalPosition.z
      value: -7.49
      objectReference: {fileID: 0}
    - target: {fileID: 1112801073274290695, guid: df0695fce6ed51a4e81ed89761a4d684, type: 3}
      propertyPath: m_LocalRotation.x
      value: 0
      objectReference: {fileID: 0}
    - target: {fileID: 1112801073274290695, guid: df0695fce6ed51a4e81ed89761a4d684, type: 3}
      propertyPath: m_LocalRotation.y
      value: 0.8668533
      objectReference: {fileID: 0}
    - target: {fileID: 1112801073274290695, guid: df0695fce6ed51a4e81ed89761a4d684, type: 3}
      propertyPath: m_LocalRotation.z
      value: 0
      objectReference: {fileID: 0}
    - target: {fileID: 1112801073274290695, guid: df0695fce6ed51a4e81ed89761a4d684, type: 3}
      propertyPath: m_LocalRotation.w
      value: 0.49856338
      objectReference: {fileID: 0}
    - target: {fileID: 1112801073274290695, guid: df0695fce6ed51a4e81ed89761a4d684, type: 3}
      propertyPath: m_RootOrder
      value: 6
      objectReference: {fileID: 0}
    - target: {fileID: 1112801073274290695, guid: df0695fce6ed51a4e81ed89761a4d684, type: 3}
      propertyPath: m_LocalEulerAnglesHint.x
      value: 0
      objectReference: {fileID: 0}
    - target: {fileID: 1112801073274290695, guid: df0695fce6ed51a4e81ed89761a4d684, type: 3}
      propertyPath: m_LocalEulerAnglesHint.y
      value: 120.19
      objectReference: {fileID: 0}
    - target: {fileID: 1112801073274290695, guid: df0695fce6ed51a4e81ed89761a4d684, type: 3}
      propertyPath: m_LocalEulerAnglesHint.z
      value: 0
      objectReference: {fileID: 0}
    - target: {fileID: 1112801073274290696, guid: df0695fce6ed51a4e81ed89761a4d684, type: 3}
      propertyPath: m_Name
      value: ProbeHolder
      objectReference: {fileID: 0}
    m_RemovedComponents: []
  m_SourcePrefab: {fileID: 100100000, guid: df0695fce6ed51a4e81ed89761a4d684, type: 3}
--- !u!1 &1328309883
GameObject:
  m_ObjectHideFlags: 0
  m_CorrespondingSourceObject: {fileID: 0}
  m_PrefabInstance: {fileID: 0}
  m_PrefabAsset: {fileID: 0}
  serializedVersion: 6
  m_Component:
  - component: {fileID: 1328309884}
  - component: {fileID: 1328309886}
  - component: {fileID: 1328309885}
  m_Layer: 8
  m_Name: TravelToArterialConduit
  m_TagString: Untagged
  m_Icon: {fileID: 0}
  m_NavMeshLayer: 0
  m_StaticEditorFlags: 4294967295
  m_IsActive: 1
--- !u!4 &1328309884
Transform:
  m_ObjectHideFlags: 0
  m_CorrespondingSourceObject: {fileID: 0}
  m_PrefabInstance: {fileID: 0}
  m_PrefabAsset: {fileID: 0}
  m_GameObject: {fileID: 1328309883}
  m_LocalRotation: {x: 0, y: 0, z: 0, w: 1}
  m_LocalPosition: {x: 0.36, y: 4.32, z: 8.37}
  m_LocalScale: {x: 1, y: 1, z: 1}
  m_Children: []
  m_Father: {fileID: 1720699050}
  m_RootOrder: 1
  m_LocalEulerAnglesHint: {x: 0, y: 0, z: 0}
--- !u!65 &1328309885
BoxCollider:
  m_ObjectHideFlags: 0
  m_CorrespondingSourceObject: {fileID: 0}
  m_PrefabInstance: {fileID: 0}
  m_PrefabAsset: {fileID: 0}
  m_GameObject: {fileID: 1328309883}
  m_Material: {fileID: 0}
  m_IsTrigger: 0
  m_Enabled: 1
  serializedVersion: 2
  m_Size: {x: 14.968567, y: 7.5439243, z: 3.335722}
  m_Center: {x: 0.03078556, y: -0.808238, z: 0.11726284}
--- !u!114 &1328309886
MonoBehaviour:
  m_ObjectHideFlags: 0
  m_CorrespondingSourceObject: {fileID: 0}
  m_PrefabInstance: {fileID: 0}
  m_PrefabAsset: {fileID: 0}
  m_GameObject: {fileID: 1328309883}
  m_Enabled: 1
  m_EditorHideFlags: 0
  m_Script: {fileID: 11500000, guid: 95aea3414aba60747a1e0b56cc1e028d, type: 3}
  m_Name: 
  m_EditorClassIdentifier: 
  hintText: Travel to Arterial Conduits
  cursorIcon: {fileID: 0}
  cursorColor: {r: 1, g: 1, b: 1, a: 1}
  hasSceneTransition: 1
  targetScene: 10
  hasDialog: 0
  dialog: {fileID: 0}
  dialogLines: {fileID: 0}
  hasSignal: 0
  story: {fileID: 0}
  data: 
  hasProgressFlag: 0
  flag: 0
  isSet: 1
  hideIfSet: 1
--- !u!1 &1474787175
GameObject:
  m_ObjectHideFlags: 0
  m_CorrespondingSourceObject: {fileID: 0}
  m_PrefabInstance: {fileID: 0}
  m_PrefabAsset: {fileID: 0}
  serializedVersion: 6
  m_Component:
  - component: {fileID: 1474787176}
  - component: {fileID: 1474787178}
  - component: {fileID: 1474787177}
  m_Layer: 8
  m_Name: TravelToHighPlains
  m_TagString: Untagged
  m_Icon: {fileID: 0}
  m_NavMeshLayer: 0
  m_StaticEditorFlags: 4294967295
  m_IsActive: 1
--- !u!4 &1474787176
Transform:
  m_ObjectHideFlags: 0
  m_CorrespondingSourceObject: {fileID: 0}
  m_PrefabInstance: {fileID: 0}
  m_PrefabAsset: {fileID: 0}
  m_GameObject: {fileID: 1474787175}
  m_LocalRotation: {x: 0, y: 0, z: 0, w: 1}
  m_LocalPosition: {x: -13.96, y: 6.65, z: -2.01}
  m_LocalScale: {x: 1, y: 1, z: 1}
  m_Children: []
  m_Father: {fileID: 1720699050}
  m_RootOrder: 2
  m_LocalEulerAnglesHint: {x: 0, y: 0, z: 0}
--- !u!65 &1474787177
BoxCollider:
  m_ObjectHideFlags: 0
  m_CorrespondingSourceObject: {fileID: 0}
  m_PrefabInstance: {fileID: 0}
  m_PrefabAsset: {fileID: 0}
  m_GameObject: {fileID: 1474787175}
  m_Material: {fileID: 0}
  m_IsTrigger: 0
  m_Enabled: 1
  serializedVersion: 2
  m_Size: {x: 4.3494997, y: 4.6478176, z: 3.335722}
  m_Center: {x: 0.91570616, y: 0.63981533, z: 0.11726284}
--- !u!114 &1474787178
MonoBehaviour:
  m_ObjectHideFlags: 0
  m_CorrespondingSourceObject: {fileID: 0}
  m_PrefabInstance: {fileID: 0}
  m_PrefabAsset: {fileID: 0}
  m_GameObject: {fileID: 1474787175}
  m_Enabled: 1
  m_EditorHideFlags: 0
  m_Script: {fileID: 11500000, guid: 95aea3414aba60747a1e0b56cc1e028d, type: 3}
  m_Name: 
  m_EditorClassIdentifier: 
  hintText: Travel to High Plains
  cursorIcon: {fileID: 0}
  cursorColor: {r: 1, g: 1, b: 1, a: 1}
  hasSceneTransition: 1
  targetScene: 12
  hasDialog: 0
  dialog: {fileID: 0}
  dialogLines: {fileID: 0}
  hasSignal: 0
  story: {fileID: 0}
  data: 
  hasProgressFlag: 0
  flag: 0
  isSet: 1
  hideIfSet: 1
--- !u!1 &1525868702
GameObject:
  m_ObjectHideFlags: 0
  m_CorrespondingSourceObject: {fileID: 0}
  m_PrefabInstance: {fileID: 0}
  m_PrefabAsset: {fileID: 0}
  serializedVersion: 6
  m_Component:
  - component: {fileID: 1525868703}
  - component: {fileID: 1525868704}
  m_Layer: 0
  m_Name: CM vcam1
  m_TagString: Untagged
  m_Icon: {fileID: 0}
  m_NavMeshLayer: 0
  m_StaticEditorFlags: 0
  m_IsActive: 1
--- !u!4 &1525868703
Transform:
  m_ObjectHideFlags: 0
  m_CorrespondingSourceObject: {fileID: 0}
  m_PrefabInstance: {fileID: 0}
  m_PrefabAsset: {fileID: 0}
  m_GameObject: {fileID: 1525868702}
  m_LocalRotation: {x: 0.12594645, y: 0.13644628, z: -0.017491154, w: 0.98245305}
  m_LocalPosition: {x: -5.3020644, y: 10.300085, z: -18.89004}
  m_LocalScale: {x: 1, y: 1, z: 1}
  m_Children:
  - {fileID: 524378612}
  m_Father: {fileID: 5564783084551882761}
  m_RootOrder: 0
  m_LocalEulerAnglesHint: {x: 14.224, y: 110.235, z: -0.147}
--- !u!114 &1525868704
MonoBehaviour:
  m_ObjectHideFlags: 0
  m_CorrespondingSourceObject: {fileID: 0}
  m_PrefabInstance: {fileID: 0}
  m_PrefabAsset: {fileID: 0}
  m_GameObject: {fileID: 1525868702}
  m_Enabled: 1
  m_EditorHideFlags: 0
  m_Script: {fileID: 11500000, guid: 45e653bab7fb20e499bda25e1b646fea, type: 3}
  m_Name: 
  m_EditorClassIdentifier: 
  m_ExcludedPropertiesInInspector:
  - m_Script
  m_LockStageInInspector: 
  m_StreamingVersion: 20170927
  m_Priority: 10
  m_StandbyUpdate: 2
  m_LookAt: {fileID: 0}
  m_Follow: {fileID: 0}
  m_Lens:
    FieldOfView: 60
    OrthographicSize: 5
    NearClipPlane: 0.001
    FarClipPlane: 1000
    Dutch: 0
    LensShift: {x: 0, y: 0}
  m_Transitions:
    m_BlendHint: 0
    m_InheritPosition: 0
    m_OnCameraLive:
      m_PersistentCalls:
        m_Calls: []
  m_LegacyBlendHint: 0
  m_ComponentOwner: {fileID: 524378612}
--- !u!1 &1720699049
GameObject:
  m_ObjectHideFlags: 0
  m_CorrespondingSourceObject: {fileID: 0}
  m_PrefabInstance: {fileID: 0}
  m_PrefabAsset: {fileID: 0}
  serializedVersion: 6
  m_Component:
  - component: {fileID: 1720699050}
  m_Layer: 0
  m_Name: Interactibles
  m_TagString: Untagged
  m_Icon: {fileID: 0}
  m_NavMeshLayer: 0
  m_StaticEditorFlags: 0
  m_IsActive: 1
--- !u!4 &1720699050
Transform:
  m_ObjectHideFlags: 0
  m_CorrespondingSourceObject: {fileID: 0}
  m_PrefabInstance: {fileID: 0}
  m_PrefabAsset: {fileID: 0}
  m_GameObject: {fileID: 1720699049}
  m_LocalRotation: {x: -0, y: -0, z: -0, w: 1}
  m_LocalPosition: {x: 0, y: 0, z: 0}
  m_LocalScale: {x: 1, y: 1, z: 1}
  m_Children:
  - {fileID: 728982499}
  - {fileID: 1328309884}
  - {fileID: 1474787176}
  - {fileID: 2104395591}
  m_Father: {fileID: 635040512}
  m_RootOrder: 5
  m_LocalEulerAnglesHint: {x: 0, y: 0, z: 0}
--- !u!1001 &2079446545
PrefabInstance:
  m_ObjectHideFlags: 0
  serializedVersion: 2
  m_Modification:
    m_TransformParent: {fileID: 5494532654229919419}
    m_Modifications:
    - target: {fileID: -8679921383154817045, guid: 1ff22a13498bc3e4c8ae91f990a24a8b, type: 3}
      propertyPath: m_LocalPosition.x
      value: 0
      objectReference: {fileID: 0}
    - target: {fileID: -8679921383154817045, guid: 1ff22a13498bc3e4c8ae91f990a24a8b, type: 3}
      propertyPath: m_LocalPosition.y
      value: 0
      objectReference: {fileID: 0}
    - target: {fileID: -8679921383154817045, guid: 1ff22a13498bc3e4c8ae91f990a24a8b, type: 3}
      propertyPath: m_LocalPosition.z
      value: 0
      objectReference: {fileID: 0}
    - target: {fileID: -8679921383154817045, guid: 1ff22a13498bc3e4c8ae91f990a24a8b, type: 3}
      propertyPath: m_LocalRotation.x
      value: 0
      objectReference: {fileID: 0}
    - target: {fileID: -8679921383154817045, guid: 1ff22a13498bc3e4c8ae91f990a24a8b, type: 3}
      propertyPath: m_LocalRotation.y
      value: 0
      objectReference: {fileID: 0}
    - target: {fileID: -8679921383154817045, guid: 1ff22a13498bc3e4c8ae91f990a24a8b, type: 3}
      propertyPath: m_LocalRotation.z
      value: 0
      objectReference: {fileID: 0}
    - target: {fileID: -8679921383154817045, guid: 1ff22a13498bc3e4c8ae91f990a24a8b, type: 3}
      propertyPath: m_LocalRotation.w
      value: 1
      objectReference: {fileID: 0}
    - target: {fileID: -8679921383154817045, guid: 1ff22a13498bc3e4c8ae91f990a24a8b, type: 3}
      propertyPath: m_RootOrder
      value: 0
      objectReference: {fileID: 0}
    - target: {fileID: -8679921383154817045, guid: 1ff22a13498bc3e4c8ae91f990a24a8b, type: 3}
      propertyPath: m_LocalEulerAnglesHint.x
      value: 0
      objectReference: {fileID: 0}
    - target: {fileID: -8679921383154817045, guid: 1ff22a13498bc3e4c8ae91f990a24a8b, type: 3}
      propertyPath: m_LocalEulerAnglesHint.y
      value: 0
      objectReference: {fileID: 0}
    - target: {fileID: -8679921383154817045, guid: 1ff22a13498bc3e4c8ae91f990a24a8b, type: 3}
      propertyPath: m_LocalEulerAnglesHint.z
      value: 0
      objectReference: {fileID: 0}
    - target: {fileID: 919132149155446097, guid: 1ff22a13498bc3e4c8ae91f990a24a8b, type: 3}
      propertyPath: m_Name
      value: 07.ravine
      objectReference: {fileID: 0}
    m_RemovedComponents: []
  m_SourcePrefab: {fileID: 100100000, guid: 1ff22a13498bc3e4c8ae91f990a24a8b, type: 3}
--- !u!4 &2079446546 stripped
Transform:
  m_CorrespondingSourceObject: {fileID: -8679921383154817045, guid: 1ff22a13498bc3e4c8ae91f990a24a8b, type: 3}
  m_PrefabInstance: {fileID: 2079446545}
  m_PrefabAsset: {fileID: 0}
--- !u!1 &2104395590
GameObject:
  m_ObjectHideFlags: 0
  m_CorrespondingSourceObject: {fileID: 0}
  m_PrefabInstance: {fileID: 0}
  m_PrefabAsset: {fileID: 0}
  serializedVersion: 6
  m_Component:
  - component: {fileID: 2104395591}
  - component: {fileID: 2104395593}
  - component: {fileID: 2104395592}
  m_Layer: 8
  m_Name: GameObject
  m_TagString: Untagged
  m_Icon: {fileID: 0}
  m_NavMeshLayer: 0
  m_StaticEditorFlags: 0
  m_IsActive: 1
--- !u!4 &2104395591
Transform:
  m_ObjectHideFlags: 0
  m_CorrespondingSourceObject: {fileID: 0}
  m_PrefabInstance: {fileID: 0}
  m_PrefabAsset: {fileID: 0}
  m_GameObject: {fileID: 2104395590}
  m_LocalRotation: {x: 0, y: 0, z: 0, w: 1}
  m_LocalPosition: {x: 10.21, y: 6.42, z: 0}
  m_LocalScale: {x: 1, y: 1, z: 1}
  m_Children: []
  m_Father: {fileID: 1720699050}
  m_RootOrder: 3
  m_LocalEulerAnglesHint: {x: 0, y: 0, z: 0}
--- !u!114 &2104395592
MonoBehaviour:
  m_ObjectHideFlags: 0
  m_CorrespondingSourceObject: {fileID: 0}
  m_PrefabInstance: {fileID: 0}
  m_PrefabAsset: {fileID: 0}
  m_GameObject: {fileID: 2104395590}
  m_Enabled: 1
  m_EditorHideFlags: 0
  m_Script: {fileID: 11500000, guid: 95aea3414aba60747a1e0b56cc1e028d, type: 3}
  m_Name: 
  m_EditorClassIdentifier: 
  hintText: Geological Features
  cursorIcon: {fileID: 0}
  cursorColor: {r: 1, g: 1, b: 1, a: 1}
  hasSceneTransition: 0
  targetScene: 0
  hasDialog: 1
  dialog: {fileID: 5231416927682578080}
  dialogLines: {fileID: 4900000, guid: 77e9f0a22e525964e975efe6254665da, type: 3}
  hasSignal: 0
  story: {fileID: 0}
  data: 
  hasProgressFlag: 0
  flag: 0
  isSet: 1
  hideIfSet: 1
--- !u!65 &2104395593
BoxCollider:
  m_ObjectHideFlags: 0
  m_CorrespondingSourceObject: {fileID: 0}
  m_PrefabInstance: {fileID: 0}
  m_PrefabAsset: {fileID: 0}
  m_GameObject: {fileID: 2104395590}
  m_Material: {fileID: 0}
  m_IsTrigger: 0
  m_Enabled: 1
  serializedVersion: 2
  m_Size: {x: 5.464792, y: 4.627632, z: 20.142796}
  m_Center: {x: -0.27904963, y: 0.58600235, z: 0.02790451}
--- !u!1 &654011043868524539
GameObject:
  m_ObjectHideFlags: 0
  m_CorrespondingSourceObject: {fileID: 0}
  m_PrefabInstance: {fileID: 0}
  m_PrefabAsset: {fileID: 0}
  serializedVersion: 6
  m_Component:
  - component: {fileID: 8917048646142562815}
  m_Layer: 0
  m_Name: Timelines
  m_TagString: Untagged
  m_Icon: {fileID: 0}
  m_NavMeshLayer: 0
  m_StaticEditorFlags: 0
  m_IsActive: 1
--- !u!1 &686270066230915629
GameObject:
  m_ObjectHideFlags: 0
  m_CorrespondingSourceObject: {fileID: 0}
  m_PrefabInstance: {fileID: 0}
  m_PrefabAsset: {fileID: 0}
  serializedVersion: 6
  m_Component:
  - component: {fileID: 5564783084551882761}
  m_Layer: 0
  m_Name: Cameras
  m_TagString: Untagged
  m_Icon: {fileID: 0}
  m_NavMeshLayer: 0
  m_StaticEditorFlags: 0
  m_IsActive: 1
--- !u!114 &1904351539064942992
MonoBehaviour:
  m_ObjectHideFlags: 0
  m_CorrespondingSourceObject: {fileID: 0}
  m_PrefabInstance: {fileID: 0}
  m_PrefabAsset: {fileID: 0}
  m_GameObject: {fileID: 3036470369028826793}
  m_Enabled: 1
  m_EditorHideFlags: 0
  m_Script: {fileID: 11500000, guid: 0cd44c1031e13a943bb63640046fad76, type: 3}
  m_Name: 
  m_EditorClassIdentifier: 
  m_UiScaleMode: 0
  m_ReferencePixelsPerUnit: 100
  m_ScaleFactor: 1
  m_ReferenceResolution: {x: 800, y: 600}
  m_ScreenMatchMode: 0
  m_MatchWidthOrHeight: 0
  m_PhysicalUnit: 3
  m_FallbackScreenDPI: 96
  m_DefaultSpriteDPI: 96
  m_DynamicPixelsPerUnit: 1
--- !u!1001 &2273966454786360090
PrefabInstance:
  m_ObjectHideFlags: 0
  serializedVersion: 2
  m_Modification:
    m_TransformParent: {fileID: 8789749840776585444}
    m_Modifications:
    - target: {fileID: 2273966454657199761, guid: b32a54baf2a6fc540917b3cf3f44b1bc, type: 3}
      propertyPath: m_Name
      value: DarkPanel
      objectReference: {fileID: 0}
    - target: {fileID: 2273966454657199766, guid: b32a54baf2a6fc540917b3cf3f44b1bc, type: 3}
      propertyPath: m_LocalPosition.x
      value: 0
      objectReference: {fileID: 0}
    - target: {fileID: 2273966454657199766, guid: b32a54baf2a6fc540917b3cf3f44b1bc, type: 3}
      propertyPath: m_LocalPosition.y
      value: 0
      objectReference: {fileID: 0}
    - target: {fileID: 2273966454657199766, guid: b32a54baf2a6fc540917b3cf3f44b1bc, type: 3}
      propertyPath: m_LocalPosition.z
      value: 0
      objectReference: {fileID: 0}
    - target: {fileID: 2273966454657199766, guid: b32a54baf2a6fc540917b3cf3f44b1bc, type: 3}
      propertyPath: m_LocalRotation.x
      value: -0
      objectReference: {fileID: 0}
    - target: {fileID: 2273966454657199766, guid: b32a54baf2a6fc540917b3cf3f44b1bc, type: 3}
      propertyPath: m_LocalRotation.y
      value: -0
      objectReference: {fileID: 0}
    - target: {fileID: 2273966454657199766, guid: b32a54baf2a6fc540917b3cf3f44b1bc, type: 3}
      propertyPath: m_LocalRotation.z
      value: -0
      objectReference: {fileID: 0}
    - target: {fileID: 2273966454657199766, guid: b32a54baf2a6fc540917b3cf3f44b1bc, type: 3}
      propertyPath: m_LocalRotation.w
      value: 1
      objectReference: {fileID: 0}
    - target: {fileID: 2273966454657199766, guid: b32a54baf2a6fc540917b3cf3f44b1bc, type: 3}
      propertyPath: m_RootOrder
      value: 0
      objectReference: {fileID: 0}
    - target: {fileID: 2273966454657199766, guid: b32a54baf2a6fc540917b3cf3f44b1bc, type: 3}
      propertyPath: m_LocalEulerAnglesHint.x
      value: 0
      objectReference: {fileID: 0}
    - target: {fileID: 2273966454657199766, guid: b32a54baf2a6fc540917b3cf3f44b1bc, type: 3}
      propertyPath: m_LocalEulerAnglesHint.y
      value: 0
      objectReference: {fileID: 0}
    - target: {fileID: 2273966454657199766, guid: b32a54baf2a6fc540917b3cf3f44b1bc, type: 3}
      propertyPath: m_LocalEulerAnglesHint.z
      value: 0
      objectReference: {fileID: 0}
    - target: {fileID: 2273966454657199766, guid: b32a54baf2a6fc540917b3cf3f44b1bc, type: 3}
      propertyPath: m_AnchoredPosition.x
      value: 0
      objectReference: {fileID: 0}
    - target: {fileID: 2273966454657199766, guid: b32a54baf2a6fc540917b3cf3f44b1bc, type: 3}
      propertyPath: m_AnchoredPosition.y
      value: 0
      objectReference: {fileID: 0}
    - target: {fileID: 2273966454657199766, guid: b32a54baf2a6fc540917b3cf3f44b1bc, type: 3}
      propertyPath: m_SizeDelta.x
      value: 0
      objectReference: {fileID: 0}
    - target: {fileID: 2273966454657199766, guid: b32a54baf2a6fc540917b3cf3f44b1bc, type: 3}
      propertyPath: m_SizeDelta.y
      value: 0
      objectReference: {fileID: 0}
    - target: {fileID: 2273966454657199766, guid: b32a54baf2a6fc540917b3cf3f44b1bc, type: 3}
      propertyPath: m_AnchorMin.x
      value: 0
      objectReference: {fileID: 0}
    - target: {fileID: 2273966454657199766, guid: b32a54baf2a6fc540917b3cf3f44b1bc, type: 3}
      propertyPath: m_AnchorMin.y
      value: 0
      objectReference: {fileID: 0}
    - target: {fileID: 2273966454657199766, guid: b32a54baf2a6fc540917b3cf3f44b1bc, type: 3}
      propertyPath: m_AnchorMax.x
      value: 1
      objectReference: {fileID: 0}
    - target: {fileID: 2273966454657199766, guid: b32a54baf2a6fc540917b3cf3f44b1bc, type: 3}
      propertyPath: m_AnchorMax.y
      value: 0.5
      objectReference: {fileID: 0}
    - target: {fileID: 2273966454657199766, guid: b32a54baf2a6fc540917b3cf3f44b1bc, type: 3}
      propertyPath: m_Pivot.x
      value: 0.5
      objectReference: {fileID: 0}
    - target: {fileID: 2273966454657199766, guid: b32a54baf2a6fc540917b3cf3f44b1bc, type: 3}
      propertyPath: m_Pivot.y
      value: 0
      objectReference: {fileID: 0}
    m_RemovedComponents: []
  m_SourcePrefab: {fileID: 100100000, guid: b32a54baf2a6fc540917b3cf3f44b1bc, type: 3}
--- !u!224 &2954983043443932827 stripped
RectTransform:
  m_CorrespondingSourceObject: {fileID: 7810553141458867690, guid: 4e572837fe5c9a649862bcb6ce2692e4, type: 3}
  m_PrefabInstance: {fileID: 5000857990672198513}
  m_PrefabAsset: {fileID: 0}
--- !u!1 &3036470369028826793
GameObject:
  m_ObjectHideFlags: 0
  m_CorrespondingSourceObject: {fileID: 0}
  m_PrefabInstance: {fileID: 0}
  m_PrefabAsset: {fileID: 0}
  serializedVersion: 6
  m_Component:
  - component: {fileID: 8789749840776585444}
  - component: {fileID: 3451031875577319188}
  - component: {fileID: 1904351539064942992}
  - component: {fileID: 8821472828501578849}
  m_Layer: 5
  m_Name: Dialogs
  m_TagString: Untagged
  m_Icon: {fileID: 0}
  m_NavMeshLayer: 0
  m_StaticEditorFlags: 0
  m_IsActive: 1
--- !u!223 &3451031875577319188
Canvas:
  m_ObjectHideFlags: 0
  m_CorrespondingSourceObject: {fileID: 0}
  m_PrefabInstance: {fileID: 0}
  m_PrefabAsset: {fileID: 0}
  m_GameObject: {fileID: 3036470369028826793}
  m_Enabled: 1
  serializedVersion: 3
  m_RenderMode: 0
  m_Camera: {fileID: 0}
  m_PlaneDistance: 100
  m_PixelPerfect: 0
  m_ReceivesEvents: 1
  m_OverrideSorting: 0
  m_OverridePixelPerfect: 0
  m_SortingBucketNormalizedSize: 0
  m_AdditionalShaderChannelsFlag: 25
  m_SortingLayerID: 0
  m_SortingOrder: 1
  m_TargetDisplay: 0
--- !u!1001 &5000857990672198513
PrefabInstance:
  m_ObjectHideFlags: 0
  serializedVersion: 2
  m_Modification:
    m_TransformParent: {fileID: 8789749840776585444}
    m_Modifications:
    - target: {fileID: 42037005395745857, guid: 4e572837fe5c9a649862bcb6ce2692e4, type: 3}
      propertyPath: m_Name
      value: FloatingDialog
      objectReference: {fileID: 0}
    - target: {fileID: 7810553141458867690, guid: 4e572837fe5c9a649862bcb6ce2692e4, type: 3}
      propertyPath: m_LocalPosition.x
      value: 0
      objectReference: {fileID: 0}
    - target: {fileID: 7810553141458867690, guid: 4e572837fe5c9a649862bcb6ce2692e4, type: 3}
      propertyPath: m_LocalPosition.y
      value: 0
      objectReference: {fileID: 0}
    - target: {fileID: 7810553141458867690, guid: 4e572837fe5c9a649862bcb6ce2692e4, type: 3}
      propertyPath: m_LocalPosition.z
      value: 0
      objectReference: {fileID: 0}
    - target: {fileID: 7810553141458867690, guid: 4e572837fe5c9a649862bcb6ce2692e4, type: 3}
      propertyPath: m_LocalRotation.x
      value: -0
      objectReference: {fileID: 0}
    - target: {fileID: 7810553141458867690, guid: 4e572837fe5c9a649862bcb6ce2692e4, type: 3}
      propertyPath: m_LocalRotation.y
      value: -0
      objectReference: {fileID: 0}
    - target: {fileID: 7810553141458867690, guid: 4e572837fe5c9a649862bcb6ce2692e4, type: 3}
      propertyPath: m_LocalRotation.z
      value: -0
      objectReference: {fileID: 0}
    - target: {fileID: 7810553141458867690, guid: 4e572837fe5c9a649862bcb6ce2692e4, type: 3}
      propertyPath: m_LocalRotation.w
      value: 1.0000001
      objectReference: {fileID: 0}
    - target: {fileID: 7810553141458867690, guid: 4e572837fe5c9a649862bcb6ce2692e4, type: 3}
      propertyPath: m_RootOrder
      value: 1
      objectReference: {fileID: 0}
    - target: {fileID: 7810553141458867690, guid: 4e572837fe5c9a649862bcb6ce2692e4, type: 3}
      propertyPath: m_LocalEulerAnglesHint.x
      value: 0
      objectReference: {fileID: 0}
    - target: {fileID: 7810553141458867690, guid: 4e572837fe5c9a649862bcb6ce2692e4, type: 3}
      propertyPath: m_LocalEulerAnglesHint.y
      value: 0
      objectReference: {fileID: 0}
    - target: {fileID: 7810553141458867690, guid: 4e572837fe5c9a649862bcb6ce2692e4, type: 3}
      propertyPath: m_LocalEulerAnglesHint.z
      value: 0
      objectReference: {fileID: 0}
    - target: {fileID: 7810553141458867690, guid: 4e572837fe5c9a649862bcb6ce2692e4, type: 3}
      propertyPath: m_AnchoredPosition.x
      value: 0
      objectReference: {fileID: 0}
    - target: {fileID: 7810553141458867690, guid: 4e572837fe5c9a649862bcb6ce2692e4, type: 3}
      propertyPath: m_AnchoredPosition.y
      value: 0
      objectReference: {fileID: 0}
    - target: {fileID: 7810553141458867690, guid: 4e572837fe5c9a649862bcb6ce2692e4, type: 3}
      propertyPath: m_SizeDelta.x
      value: -10
      objectReference: {fileID: 0}
    - target: {fileID: 7810553141458867690, guid: 4e572837fe5c9a649862bcb6ce2692e4, type: 3}
      propertyPath: m_SizeDelta.y
      value: -10
      objectReference: {fileID: 0}
    - target: {fileID: 7810553141458867690, guid: 4e572837fe5c9a649862bcb6ce2692e4, type: 3}
      propertyPath: m_AnchorMin.x
      value: 0
      objectReference: {fileID: 0}
    - target: {fileID: 7810553141458867690, guid: 4e572837fe5c9a649862bcb6ce2692e4, type: 3}
      propertyPath: m_AnchorMin.y
      value: 0
      objectReference: {fileID: 0}
    - target: {fileID: 7810553141458867690, guid: 4e572837fe5c9a649862bcb6ce2692e4, type: 3}
      propertyPath: m_AnchorMax.x
      value: 1
      objectReference: {fileID: 0}
    - target: {fileID: 7810553141458867690, guid: 4e572837fe5c9a649862bcb6ce2692e4, type: 3}
      propertyPath: m_AnchorMax.y
      value: 1
      objectReference: {fileID: 0}
    - target: {fileID: 7810553141458867690, guid: 4e572837fe5c9a649862bcb6ce2692e4, type: 3}
      propertyPath: m_Pivot.x
      value: 0.5
      objectReference: {fileID: 0}
    - target: {fileID: 7810553141458867690, guid: 4e572837fe5c9a649862bcb6ce2692e4, type: 3}
      propertyPath: m_Pivot.y
      value: 0.5
      objectReference: {fileID: 0}
    m_RemovedComponents: []
  m_SourcePrefab: {fileID: 100100000, guid: 4e572837fe5c9a649862bcb6ce2692e4, type: 3}
--- !u!114 &5231416927682578080 stripped
MonoBehaviour:
  m_CorrespondingSourceObject: {fileID: 1008564573026708945, guid: 4e572837fe5c9a649862bcb6ce2692e4, type: 3}
  m_PrefabInstance: {fileID: 5000857990672198513}
  m_PrefabAsset: {fileID: 0}
  m_GameObject: {fileID: 0}
  m_Enabled: 1
  m_EditorHideFlags: 0
  m_Script: {fileID: 11500000, guid: f6f9756bcfa00194a83e3295d3cb0672, type: 3}
  m_Name: 
  m_EditorClassIdentifier: 
--- !u!1 &5494532654229919416
GameObject:
  m_ObjectHideFlags: 0
  m_CorrespondingSourceObject: {fileID: 0}
  m_PrefabInstance: {fileID: 0}
  m_PrefabAsset: {fileID: 0}
  serializedVersion: 6
  m_Component:
  - component: {fileID: 5494532654229919419}
  m_Layer: 0
  m_Name: Environment
  m_TagString: Untagged
  m_Icon: {fileID: 0}
  m_NavMeshLayer: 0
  m_StaticEditorFlags: 0
  m_IsActive: 1
--- !u!4 &5494532654229919419
Transform:
  m_ObjectHideFlags: 0
  m_CorrespondingSourceObject: {fileID: 0}
  m_PrefabInstance: {fileID: 0}
  m_PrefabAsset: {fileID: 0}
  m_GameObject: {fileID: 5494532654229919416}
  m_LocalRotation: {x: 0, y: 0, z: 0, w: 1}
  m_LocalPosition: {x: 0, y: 0, z: 0}
  m_LocalScale: {x: 1, y: 1, z: 1}
  m_Children:
  - {fileID: 2079446546}
  m_Father: {fileID: 635040512}
  m_RootOrder: 3
  m_LocalEulerAnglesHint: {x: 0, y: 0, z: 0}
--- !u!4 &5564783084551882761
Transform:
  m_ObjectHideFlags: 0
  m_CorrespondingSourceObject: {fileID: 0}
  m_PrefabInstance: {fileID: 0}
  m_PrefabAsset: {fileID: 0}
  m_GameObject: {fileID: 686270066230915629}
  m_LocalRotation: {x: 0, y: 0, z: 0, w: 1}
  m_LocalPosition: {x: 0, y: 0, z: 0}
  m_LocalScale: {x: 1, y: 1, z: 1}
  m_Children:
  - {fileID: 1525868703}
  m_Father: {fileID: 635040512}
  m_RootOrder: 4
  m_LocalEulerAnglesHint: {x: 0, y: 0, z: 0}
--- !u!1001 &7190180732333233646
PrefabInstance:
  m_ObjectHideFlags: 0
  serializedVersion: 2
  m_Modification:
    m_TransformParent: {fileID: 0}
    m_Modifications:
    - target: {fileID: 3020294755745540613, guid: 7b0c4716ff519494e9263f5108f22b5c, type: 3}
      propertyPath: m_LocalRotation.x
      value: 0.12594634
      objectReference: {fileID: 0}
    - target: {fileID: 3020294755745540613, guid: 7b0c4716ff519494e9263f5108f22b5c, type: 3}
      propertyPath: m_LocalRotation.y
      value: 0.13644642
      objectReference: {fileID: 0}
    - target: {fileID: 3020294755745540613, guid: 7b0c4716ff519494e9263f5108f22b5c, type: 3}
      propertyPath: m_LocalRotation.z
      value: -0.017491858
      objectReference: {fileID: 0}
    - target: {fileID: 3020294755745540613, guid: 7b0c4716ff519494e9263f5108f22b5c, type: 3}
      propertyPath: m_LocalRotation.w
      value: 0.98245305
      objectReference: {fileID: 0}
    - target: {fileID: 6244574719703707034, guid: 7b0c4716ff519494e9263f5108f22b5c, type: 3}
      propertyPath: story
      value: 
      objectReference: {fileID: 635040513}
    - target: {fileID: 6957584118254143909, guid: 7b0c4716ff519494e9263f5108f22b5c, type: 3}
      propertyPath: m_Name
      value: StorySceneManager
      objectReference: {fileID: 0}
    - target: {fileID: 6957584118254143911, guid: 7b0c4716ff519494e9263f5108f22b5c, type: 3}
      propertyPath: m_LocalPosition.x
      value: 0
      objectReference: {fileID: 0}
    - target: {fileID: 6957584118254143911, guid: 7b0c4716ff519494e9263f5108f22b5c, type: 3}
      propertyPath: m_LocalPosition.y
      value: 0
      objectReference: {fileID: 0}
    - target: {fileID: 6957584118254143911, guid: 7b0c4716ff519494e9263f5108f22b5c, type: 3}
      propertyPath: m_LocalPosition.z
      value: 0
      objectReference: {fileID: 0}
    - target: {fileID: 6957584118254143911, guid: 7b0c4716ff519494e9263f5108f22b5c, type: 3}
      propertyPath: m_LocalRotation.x
      value: 0
      objectReference: {fileID: 0}
    - target: {fileID: 6957584118254143911, guid: 7b0c4716ff519494e9263f5108f22b5c, type: 3}
      propertyPath: m_LocalRotation.y
      value: 0
      objectReference: {fileID: 0}
    - target: {fileID: 6957584118254143911, guid: 7b0c4716ff519494e9263f5108f22b5c, type: 3}
      propertyPath: m_LocalRotation.z
      value: 0
      objectReference: {fileID: 0}
    - target: {fileID: 6957584118254143911, guid: 7b0c4716ff519494e9263f5108f22b5c, type: 3}
      propertyPath: m_LocalRotation.w
      value: 1
      objectReference: {fileID: 0}
    - target: {fileID: 6957584118254143911, guid: 7b0c4716ff519494e9263f5108f22b5c, type: 3}
      propertyPath: m_RootOrder
      value: 0
      objectReference: {fileID: 0}
    - target: {fileID: 6957584118254143911, guid: 7b0c4716ff519494e9263f5108f22b5c, type: 3}
      propertyPath: m_LocalEulerAnglesHint.x
      value: 0
      objectReference: {fileID: 0}
    - target: {fileID: 6957584118254143911, guid: 7b0c4716ff519494e9263f5108f22b5c, type: 3}
      propertyPath: m_LocalEulerAnglesHint.y
      value: 0
      objectReference: {fileID: 0}
    - target: {fileID: 6957584118254143911, guid: 7b0c4716ff519494e9263f5108f22b5c, type: 3}
      propertyPath: m_LocalEulerAnglesHint.z
      value: 0
      objectReference: {fileID: 0}
    - target: {fileID: 6957584119850483860, guid: 7b0c4716ff519494e9263f5108f22b5c, type: 3}
      propertyPath: near clip plane
      value: 0.001
      objectReference: {fileID: 0}
    - target: {fileID: 6957584119850483861, guid: 7b0c4716ff519494e9263f5108f22b5c, type: 3}
      propertyPath: m_LocalRotation.x
      value: -0.056340992
      objectReference: {fileID: 0}
    - target: {fileID: 6957584119850483861, guid: 7b0c4716ff519494e9263f5108f22b5c, type: 3}
      propertyPath: m_LocalRotation.y
      value: 0.8571468
      objectReference: {fileID: 0}
    - target: {fileID: 6957584119850483861, guid: 7b0c4716ff519494e9263f5108f22b5c, type: 3}
      propertyPath: m_LocalRotation.z
      value: -0.45213732
      objectReference: {fileID: 0}
    - target: {fileID: 6957584119850483861, guid: 7b0c4716ff519494e9263f5108f22b5c, type: 3}
      propertyPath: m_LocalRotation.w
      value: 0.24020216
      objectReference: {fileID: 0}
    - target: {fileID: 6957584119850483861, guid: 7b0c4716ff519494e9263f5108f22b5c, type: 3}
      propertyPath: m_LocalPosition.x
      value: -12.08762
      objectReference: {fileID: 0}
    - target: {fileID: 6957584119850483861, guid: 7b0c4716ff519494e9263f5108f22b5c, type: 3}
      propertyPath: m_LocalPosition.y
      value: 20.246796
      objectReference: {fileID: 0}
    - target: {fileID: 6957584119850483861, guid: 7b0c4716ff519494e9263f5108f22b5c, type: 3}
      propertyPath: m_LocalPosition.z
      value: 33.079826
      objectReference: {fileID: 0}
    - target: {fileID: 6957584119850483861, guid: 7b0c4716ff519494e9263f5108f22b5c, type: 3}
      propertyPath: m_LocalEulerAnglesHint.y
      value: -72.123
      objectReference: {fileID: 0}
    - target: {fileID: 6957584119850483861, guid: 7b0c4716ff519494e9263f5108f22b5c, type: 3}
      propertyPath: m_LocalEulerAnglesHint.z
      value: 0
      objectReference: {fileID: 0}
    - target: {fileID: 6957584119850483861, guid: 7b0c4716ff519494e9263f5108f22b5c, type: 3}
      propertyPath: m_LocalEulerAnglesHint.x
      value: 21.93
      objectReference: {fileID: 0}
    m_RemovedComponents: []
  m_SourcePrefab: {fileID: 100100000, guid: 7b0c4716ff519494e9263f5108f22b5c, type: 3}
--- !u!224 &8789749840776585444
RectTransform:
  m_ObjectHideFlags: 0
  m_CorrespondingSourceObject: {fileID: 0}
  m_PrefabInstance: {fileID: 0}
  m_PrefabAsset: {fileID: 0}
  m_GameObject: {fileID: 3036470369028826793}
  m_LocalRotation: {x: 0, y: 0, z: 0, w: 1}
  m_LocalPosition: {x: 0, y: 0, z: 0}
  m_LocalScale: {x: 0, y: 0, z: 0}
  m_Children:
  - {fileID: 407711116}
  - {fileID: 2954983043443932827}
  m_Father: {fileID: 635040512}
  m_RootOrder: 0
  m_LocalEulerAnglesHint: {x: 0, y: 0, z: 0}
  m_AnchorMin: {x: 0, y: 0}
  m_AnchorMax: {x: 0, y: 0}
  m_AnchoredPosition: {x: 0, y: 0}
  m_SizeDelta: {x: 0, y: 0}
  m_Pivot: {x: 0, y: 0}
--- !u!114 &8821472828501578849
MonoBehaviour:
  m_ObjectHideFlags: 0
  m_CorrespondingSourceObject: {fileID: 0}
  m_PrefabInstance: {fileID: 0}
  m_PrefabAsset: {fileID: 0}
  m_GameObject: {fileID: 3036470369028826793}
  m_Enabled: 1
  m_EditorHideFlags: 0
  m_Script: {fileID: 11500000, guid: dc42784cf147c0c48a680349fa168899, type: 3}
  m_Name: 
  m_EditorClassIdentifier: 
  m_IgnoreReversedGraphics: 1
  m_BlockingObjects: 0
  m_BlockingMask:
    serializedVersion: 2
    m_Bits: 4294967295
--- !u!4 &8917048646142562815
Transform:
  m_ObjectHideFlags: 0
  m_CorrespondingSourceObject: {fileID: 0}
  m_PrefabInstance: {fileID: 0}
  m_PrefabAsset: {fileID: 0}
  m_GameObject: {fileID: 654011043868524539}
  m_LocalRotation: {x: 0.7071068, y: -0, z: -0, w: 0.7071068}
  m_LocalPosition: {x: 0.1, y: 0, z: 0}
  m_LocalScale: {x: 1, y: 0.99999976, z: 0.99999976}
  m_Children: []
  m_Father: {fileID: 635040512}
  m_RootOrder: 2
  m_LocalEulerAnglesHint: {x: 0, y: 0, z: 0}
